%%% ===================================================================
%%%  BibTeX-file{
%%%     author          = "N Benjamin Murphy",
%%%     version         = "1.01",
%%%     date            = "15 February 2010",
%%%     time            = "12:52:32 MDT",
%%%     filename        = "murphy.bib",
%%%     address         = "Department of Mathematics
%%%                        University of Utah
%%%                        Salt Lake City, UT 84112
%%%                        USA",
%%%     telephone       = "+1 801 581 5394",
%%%     FAX             = "+1 801 581 4148",
%%%     %checksum        = "59726 1206 3776 31157",
%%%     email           = "murphy at math.utah.edu (Internet)",
%%%     %codetable       = "ISO/ASCII",
%%%     keywords        = "ER fluids statistical mechanics of homogenization",
%%%     supported       = "yes",
%%%     docstring       = "This is a bibliography of publications of
%%%                        N Benjamin Murphy."
%%% }
%%% ===================================================================
%%% ===================================================================
%%% Journal abbreviations:
@String{j-ACIM                  = "Actes, Congres Int. Math."}

@String{j-ACS                   = "J. Am. Ceram. Soc."}

@String{j-ADV-PHYS              = "Advances in physics"}

@String{j-ADV-PHYS              = "Adv. Phys."}

@String{j-ANN-MATH              = "Annals of Mathematics"}

@String{j-ANN-MATH              = "Ann. Math."}

@String{j-BIOMECH              = "Journal of Biomechanics"}

@String{j-BIOMECH              = "J. Biomech."}

@String{j-NONLIN-SCI    = "Journal of Nonlinear Science"}

@String{j-NONLIN-SCI    = "J. Nonlinear Sci."}

@String{j-ANN-PHYS              = "Annals of Physics"}

@String{j-ANN-PHYS              = "Ann. Phys."}

@String{j-APPL-PHYS-LET         = "Applied Physics Letters"}

@String{j-APPL-PHYS-LET         = "Appl. Phys. Lett."}

@String{j-Glaciol               = "Journal of Glaciology"}

@String{j-Glaciol               = "J. Glaciol"}

@String{PHYS-MED-BIO         = "Physics in Medicine and Biology"}

@String{PHYS-MED-BIO         = "Phys. Med. Biol."}

@String{j-CMP                   = "Comm. Math. Phys."}

@String{j-COMM-PURE-APPL-MATH   = "Communications on Pure and Applied Mathematics (New York)"}

@String{j-COMM-PURE-APPL-MATH   = "Comm. Pure Appl. Math."}

@String{j-J-COMPUT-PHYS   = "Journal of Computational Physics"}

@String{j-J-COMPUT-PHYS   = "J. Comput. Phys."}

@String{j-COMMUN-MATH-PHYS      = "Communications in Mathematical Physics"}

@String{j-COMMUN-MATH-PHYS      = "Commun. Math. Phys."}

@String{j-CPAM                  = "Comm. Pure. Appl. Math."}

@String{j-IPI                   = "Inverse Problems and Imaging"}

@String{j-IPI                   = "Inverse Probl. Imag."}

@String{j-J-APPL-PHYS           = "Journal of Applied Physics"}

@String{j-J-APPL-PHYS           = "J. Appl. Phys."}

@String{j-J-APPROX-THEORY       = "Journal of Approximation Theory"}

@String{j-J-APPROX-THEORY       = "J. Approx. Theory"}

@String{j-J-CHEM-PHYS           = "Journal of Chemical Physics"}

@String{j-J-CHEM-PHYS           = "J. Chem. Phys."}

@String{j-J-COMP-APPL-MATH      = "Journal of Computational and Applied
                                  Mathematics"}

@String{j-J-COMP-APPL-MATH      = "J. Comp. Appl. Math."}

@String{j-J-FUNCT-ANAL          = "Journal of functional analysis"}

@String{j-J-FUNCT-ANAL          = "J. Funct. Anal."}

@String{j-J-GEOPHYS-RES         = "Journal of geophysical research"}

@String{j-J-GEOPHYS-RES         = "J. Geophys. Res."}

@String{j-J-MATH-PHYS           = "Journal of Mathematical Physics"}

@String{j-J-MATH-PHYS           = "J. Math. Phys."}

@String{j-J-MECH-PHYS-SOLIDS    = "Journal of the Mechanics and Physics of
                                  Solids"}

@String{j-J-MECH-PHYS-SOLIDS    = "J. Mech. Phys. Solids"}

@String{j-J-PHYS-A              = "Journal of Physics A (Mathematical and
                                  General)"}

@String{j-J-PHYS-A              = "J. Phys. A: Math. Gen."}

@String{j-J-PHYS-CONDENS-MATTER = "Journal of Physics: Condensed
Matter"}

@String{j-J-PHYS-CONDENS-MATTER = "J. Phys., Condens. Matter"}

@String{j-NJ-PHYS = "New Journal of Physics"}

@String{j-NJ-PHYS = "New J. Phys."}

@String{j-J-STAT-PHYS           = "Journal of Statistical Physics"}

@String{j-J-STAT-PHYS           = "J. Stat. Phys."}

@String{j-J-THEOR-BIOL          = "Journal of Theoretical Biology"}

@String{j-J-THEOR-BIOL          = "J. Theor. Biol."}

@String{j-JAP                   = "J. Appl. Phys."}

@String{j-JMPS                  = "J. Mech. Phys. Solids"}

@String{j-JP                    = "J. Phys."}

@String{j-JPSJ                  = "J. Phys. Soc. Japan"}

@String{j-JSP                   = "J. Stat. Phys."}

@String{j-MATH-PHYSICS          = "Math. Phys."}

@String{j-MP                    = "J. Math. Phys."}

@String{j-MS                    = "???"}

@String{j-MZ                    = "Math. Zametki"}

@String{j-NAMS                  = "Notices of the American Mathematical
                                  Society"}

@String{j-NAMS                  = "Notices Amer. Math. Soc."}

@String{j-NATURE                = "Nature"}

@String{j-PAMS                  = "Proc. Amer. Math. Soc."}

@String{j-PCPS                  = "Proc. Cambridge Philos. Soc."}

@String{j-PHYS-FLUIDS           = "Physics of Fluids"}

@String{j-PHYS-FLUIDS           = "Phys. of Fluids"}

@String{j-PHYS-LET-A            = "Physics Letters A"}

@String{j-PHYS-LET-A            = "Phys. Lett. A"}

@String{j-PHYS-REP              = "Physics Reports"}

@String{j-PHYS-REV              = "Physical Review"}

@String{j-PHYS-REV-B            = "Physical Review B (Solid State)"}

@String{j-PHYS-REV-E            = "Physical Review E (Statistical physics,
                                  plasmas, fluids, and related
                                  interdisciplinary topics)"}

@String{j-PHYS-REV-E            = "Phys. Rev. E"}

@String{j-PHYS-REV-LET          = "Physical Review Letters"}

@String{j-PHYS-STATUS-SOLIDI-B-BASIC-RES = "Physica status solidi. B, Basic
                                  research"}

@String{j-PHYS-STATUS-SOLIDI-B-BASIC-RES = "Phys. Stat. Sol. (b)"}

@String{j-PHYSICA-A             = "Physica A"}

@String{j-PHYSICA-A             = "Phys. A"}

@String{j-PHYSICA-B             = "Physica. B, Condensed matter"}

@String{j-PHYSREP               = "Phys. Rep."}

@String{j-PLA                   = "Phys. Lett. A"}

@String{j-PR                    = "Phys. Rev."}

@String{j-PRL                   = "Phys. Rev. Lett."}

@String{j-PROC-CAMBRIDGE-PHIL-SOC = "Proceedings of the Cambridge
                                  Philosophical Society. Mathematical and
                                  physical sciences"}

@String{j-PROC-CAMBRIDGE-PHIL-SOC = "Proc. Camb. Philos. Soc."}

@String{j-PROC-NATL-ACAD-SCI-USA = "Proceedings of the National Academy of
                                  Sciences of the United States of
                    America"}

@String{j-PROC-NATL-ACAD-SCI-USA = "Proc. Nat. Acad. Sci. USA"}

@String{j-REV-MOD-PHYS          = "Reviews of Modern Physics"}

@String{j-REV-MOD-PHYS          = "Rev. Modern Phys."}

@String{j-RMP                   = "Rev. Mod. Phys."}

@String{j-RMS                   = "Russ. Math. Surv."}

@String{j-SCIENCE               = "Science"}

@String{j-SIAM-J-APPL-MATH      = "SIAM Journal on Applied Mathematics"}

@String{j-SIAM-REVIEW           = "SIAM Review"}

@String{j-SIAM-REVIEW           = "SIAM Rev."}

@String{j-SIAMJAM               = "SIAM J. Appl. Math."}

@String{j-SOLID-STATE-PHYS-N-Y-1955 = "Solid state physics (New
York. 1955)"}

@String{j-SOLID-STATE-PHYS-N-Y-1955 = "Solid State Phys."}

@String{j-ZW                    = "Z. Wahr."}

@String{j-fluid-mech            = "J. Fluid Mech."}

@String{j-foo                   = "xxx"}

@String{j-phys-rev              = "Phys. Rev."}

@String{j-phys-rev-b            = "Phys. Rev. B"}

@String{j-phys-rev-let          = "Phys. Rev. Lett."}

%%% ===================================================================
%%% Publisher abbreviations:

@String{PUB-AMS                 = "American Mathematical Society"}

@String{PUB-BH                  = "Birkh{{\"a}}user"}

@String{PUB-SIAM                = "Society for Industrial and Applied
                                  Mathematics"}

@String{pub-NH                  = "North-Holland"}

@String{pub-NH:adr              = "Amsterdam, The Netherlands"}

@String{pub-SV                  = "Springer Verlag"}

%%% ===================================================================
%%% Bibliography entries (currently in somewhat random order)

@Article{Berlyand:PRB-2114,
  author =       "L. Berlyand and K. Golden",
  title =        "Exact result for the effective conductivity of a
                 continuum percolation model",
  journal =      j-phys-rev-b,
  volume =       "50",
  number =       "4",
  pages =        "2114--2117",
  month =        jul,
  year =         "1994",
  CODEN =        "PLRBAQ",
  DOI =          "http://dx.doi.org/10.1103/PhysRevB.50.2114",
  ISSN =         "0556-2805",
  bibdate =      "Fri Dec 30 10:52:44 1994",
  URL =          "http://link.aps.org/doi/10.1103/PhysRevB.50.2114",
  fjournal =     "Physical Review B (Solid State)",
}

@Book{Berdichevsky-1997,
  author =       "V. L. Berdichevsky",
  title =        "Thermodynamics of Chaos and Order",
  publisher =    "Addison Wesley Longman Inc.",
  address =      "Edinburgh, UK",
  year =         "1997",
}

@Book{Kreyszig:JWS-1989,
  author =       "E. Kreyszig",
  title =        "Introductory functional analysis with aplications",
  publisher =    "John Wiley \& Sons. Inc.",
  address =      "New York",
  year =         "1989",
}

@Book{Dunford_Schwartz:LinOp_PtI,
  author =       "N. Dunford and J. T. Schwartz",
  title =        "Linear Operators, Part I",
  publisher =    "John Wiley \& Sons, Inc.",
  address =      "Hoboken, NJ",
  year =         "1988",
}

@Book{Dunford_Schwartz:LinOp_PtII,
  author =       "N. Dunford and J. T. Schwartz",
  title =        "Linear Operators, Part II",
  publisher =    "John Wiley \& Sons, Inc.",
  address =      "Hoboken, NJ",
  year =         "1988",
}

@Book{Dunford_Schwartz:LinOp_PtIII,
  author =       "N. Dunford and J. T. Schwartz",
  title =        "Linear Operators, Part III",
  publisher =    "John Wiley \& Sons, Inc.",
  address =      "Hoboken, NJ",
  year =         "1988",
}

@Article{Berry:SIAM:236,
  author =       "M. V. Berry and J. P. Keating",
  title =        "The {Riemann} Zeros and Eigenvalue Asymptotics",
  journal =      j-SIAM-REVIEW,
  volume =       "41",
  pages =        "236--266",
  year =         "1999",
  CODEN =        "SIREAD",
  ISSN =         "0036-1445 (print), 1095-7200 (electronic)",
  ISSN-L =       "0036-1445",
  fjournal =     "SIAM Review",
}

@Book{Shohat:1963,
  author =       "J. A. Shohat and J. D. Tamarkin",
  title =        "The Problem of Moments",
  publisher =    "American mathematical society",
  address =      "Providence, RI",
  year =         "1963",
}

@Book{Chihara:1978,
  author =       "T. S. Chihara",
  title =        "An Introduction to Orthogonal Polynomials",
  publisher =    "Gordon and Breach",
  address =      "New York",
  year =         "1978",
}

@Book{Folland:95,
  author =       "G. B. Folland",
  title =        "Introduction to Partial Differential Equations",
  publisher =    "Princeton University Press",
  address =      "Princeton, NJ",
  year =         "1995",
}		  		

@Book{Folland:99,
  author =       "G. B. Folland",
  title =        "Real Analysis: Modern Techniques and Their
                 Applications",
  publisher =    "Wiley--Interscience",
  address =      "New York, NY",
  year =         "1999",
}

@book{Darling:Differential_Forms:1994,
  title={Differential Forms and Connections},
  author={R. W. R. Darling},
  isbn={9780521468008},
  lccn={93046634},
  url={http://books.google.com/books?id=TdCaahMK0z4C},
  year={1994},
  publisher={Cambridge University Press}
}
		  
		  
@Book{Rudin:87,
  author =       "W. Rudin",
  title =        "Real and Complex Analysis",
  publisher =    "McGraw-Hill, Inc.",
  address =      "New York, NY",
  year =         "1987",
}

@Book{Parlett:1980,
  author =       "B. N. Parlett",
  title =        "The Symmetric Eigenvalue Problem",
  volume =       "20",
  publisher =    "SIAM",
  address =      "Philidelphia, PA",
  year =         "Corrected reprint of the 1980 original",
  series =       "Classics in applied mathematics",
}

@Book{Szego:39,
  author =       "G. Szeg{\"o}",
  title =        "Orthogonal Polynomials",
  publisher =    "AMS",
  address =      "Providence, RI",
  year =         "1939",
}

@Book{Robertson-1993,
  author =       "H. S. Robertson",
  title =        "Statistical Thermophysics",
  publisher =    "Prentice Hall",
  address =      "Englewood Cliffs, NJ",
  year =         "1993",
}

@Book{Callen-1985,
  author =       "H. B. Callen",
  title =        "Thermodynamics and an Introduction to
                 Thermostatistics",
  publisher =    "Wiley",
  address =      "New York",
  year =         "1985",
}

@Book{Stone:64,
  author =       "M. H. Stone",
  title =        "Linear Transformations in {Hilbert} Space",
  publisher =    "American Mathematical Society",
  address =      "Providence, RI",
  year =         "1964",
}

@Book{Efetov,
  author =       "K. B. Efetov",
  title =        "Supersymmetry in Disorder and Chaos",
  publisher =    "Cambridge University Press",
  address =      "Cambridge UK",
  year =         "1997",
}

@Book{Ismail:2005,
  author =       "M. E. H. Ismail",
  title =        "Classical and Quantum Orthogonal Polynomials in One
                 Variable",
  publisher =    "Cambridge University Press",
  address =      "UK",
  year =         "2005",
}

@Book{Reed-1980,
  author =       "M. C. Reed and B. Simon",
  title =        "Functional Analysis",
  publisher =    "Academic Press",
  address =      "San Diego CA",
  year =         "1980",
}

@Book{Christensen-2005,
  author =       "K. Christensen and N. R. Moloney",
  title =        "Complexity and Criticality",
  publisher =    "Imperial College Press",
  address =      "Covent Garden, London",
  year =         "2005",
}

@Book{Reitz-1993,
  author =       "J. R. Reitz and F. J. Milford and R. W. Christy",
  title =        "Foundations of Electromagnetic Theory",
  publisher =    "Addison--Wesley Publishing Company",
  address =      "San Francisco, CA",
  year =         "1993",
}

@Article{Jonckheere_Luck_JPA_1998,
  author =       "T. Jonckheere and J. M. Luck",
  title =        "Dielectric resonances of binary random networks",
  journal =      j-J-PHYS-A,
  volume =       "31",
  pages =        "3687--3717",
  year =         "1998",
  CODEN =        "JPHAC5",
  ISSN =         "0305-4470 (print), 1361-6447 (electronic)",
  ISSN-L =       "0305-4470",
  fjournal =     "Journal of Physics A (Mathematical and General)",
}

@Book{Jackson-1999,
  author =       "J. D. Jackson",
  title =        "Classical Electrodynamics",
  publisher =    "John Wiley and Sons, Inc.",
  address =      "New York",
  year =         "1999",
}

@Book{Griffiths-1999,
  author =       "D. J. Griffiths",
  title =        "Introduction to Electrodynamics",
  publisher =    "Prentice Hall",
  address =      "Upper Saddle River, NJ",
  year =         "1999",
}

@Article{Enting:1985:LSM,
  author =       "I. G. Enting",
  title =        "A lattice statistics model for the age distribution of
                 air bubbles in polar ice",
  journal =      j-NATURE,
  volume =       "315",
  pages =        "654--655",
  year =         "1985",
  CODEN =        "NATUAS",
  ISSN =         "0028-0836 (print), 1476-4687 (electronic)",
  ISSN-L =       "0028-0836",
  fjournal =     "Nature",
}

@Article{Mirlin:PhysRep:259,
  author =       "A. D. Mirlin",
  title =        "Statistics of energy levels and eigenfuncitons in
                 disordered systems",
  journal =      j-PHYS-REP,
  volume =       "326",
  pages =        "259--382",
  year =         "2000",
  CODEN =        "PRPLCM",
  ISSN =         "0370-1573 (print), 1873-6270 (electronic)",
  ISSN-L =       "0370-1573",
  fjournal =     "Physics Reports",
}

@Article{Chen:PRL-035701,
  author =       "Y. Chen and C. A. Schuh",
  title =        "Percolation of Diffusional Creep: a New Universality
                 Class",
  journal =      j-PHYS-REV-LET,
  volume =       "98",
  pages =        "035701 (4pp.)",
  year =         "2007",
  CODEN =        "PRLTAO",
  ISSN =         "0031-9007 (print), 1079-7114 (electronic), 1092-0145",
  ISSN-L =       "0031-9007",
  fjournal =     "Physical Review Letters",
}

@Article{Cherkaev:WRM-437,
  author =       "E. Cherkaev and K. M. Golden",
  title =        "Inverse bounds for microstructural parameters of
                 composite media derived from complex permittivity
                 measurements",
  journal =      "Waves in Random Media",
  volume =       "8",
  number =       "4",
  pages =        "437--450",
  year =         "1998",
}

@Article{Cherkaev:IP-1203,
  author =       "E. Cherkaev",
  title =        "Inverse homogenization for evaluation of effective
                 properties of a mixture",
  journal =      "Inverse Problems",
  volume =       "17",
  number =       "4",
  pages =        "1203--1218",
  year =         "2001",
}

@Article{Cherkaev:IP-065008,
  author =       "E. Cherkaev and M.-J. Ou",
  title =        "De-Homogenization: Reconstruction of moments of the
                 spectral measure of composite",
  journal =      "Inverse Problems",
  volume =       "24",
  pages =        "065008 (19pp.)",
  year =         "2008",
  DOI =          "http://dx.doi.org/10.1088/0266-5611/24/6/065008",
}

@Article{Zhang:JCP-5390,
  author =       "D. Zhang and E. Cherkaev",
  title =        "Reconstruction of spectral function from effective
                 permittivity of a composite material using rational
                 function approximations",
  journal =      j-J-COMPUT-PHYS,
  volume =       "228",
  number =       "15",
  pages =        "5390--5409",
  year =         "2009",
}

@Article{Bonifasi-Lista:PMB-3063,
  author =       "C. Bonifasi-Lista and E. Cherkaev",
  title =        "Electrical impedance spectroscopy as a potential tool
                 for recovering bone porosity",
  journal =      PHYS-MED-BIO,
  volume =       "54",
  number =       "10",
  pages =        "3063--3082",
  year =         "2009",
}

@Article{Cherkaev:JBiomech-345,
  author =       "E. Cherkaev and C. Bonifasi-Lista",
  title =        "Characterization of structure and properties of bone
                 by spectral measure method",
  journal =      j-BIOMECH,
  volume =       "44",
  number =       "2",
  pages =        "345--351",
  year =         "2011",
}

@Article{Hong:PRB-4564,
  author =       "D. C. Hong and H. E. Stanley and A. Coniglio and A.
                 Bunde",
  title =        "Random Walk approach to the two-component
                 random-conductor mixture: Perturbing away from the
                 perfect random resistor network and random
                 superconducting-network limits",
  journal =      j-PHYS-REV-B,
  volume =       "33",
  pages =        "4564",
  year =         "1986",
  CODEN =        "PLRBAQ",
  ISSN =         "0556-2805",
  fjournal =     "Physical Review B (Solid State)",
}

@Book{Sethna-2006,
  author =       "J. P. Sethna",
  title =        "Entropy, Order Parameters, and Complexity",
  publisher =    "Oxford University Press",
  address =      "New York",
  year =         "2006",
}

@Book{Bobbio-2000,
  author =       "S. Bobbio",
  title =        "Electrodynamics of Materials",
  publisher =    "Academic Press",
  address =      "San Diego, CA",
  year =         "2000",
}

@Book{Thompson-1988,
  author =       "C. J. Thompson",
  title =        "Classical Equilibrium Statistical Mechanics",
  publisher =    "Oxford University Press",
  address =      "Oxford",
  year =         "1988",
}

@Book{Scaife-1989,
  author =       "B. K. P. Scaife",
  title =        "Principles of Dielectrics",
  publisher =    "Clarendon Press",
  address =      "Oxford",
  year =         "1989",
}

@Book{Chandler-1987,
  author =       "D. Chandler",
  title =        "Introduction to Modern Statistical Mechanics",
  publisher =    "Oxford University Press",
  address =      "Oxford",
  year =         "1987",
}

@Article{Rajan:PRL:188104,
  author =       "K. Rajan and L. F. Abbott",
  title =        "Eigenvalue Spectra of Random Matrices for Neural
                 Networks",
  journal =      j-PHYS-REV-LET,
  volume =       "97",
  number =       "18",
  pages =        "188104 (4pp.)",
  year =         "2006",
  CODEN =        "PRLTAO",
  ISSN =         "0031-9007 (print), 1079-7114 (electronic), 1092-0145",
  ISSN-L =       "0031-9007",
  fjournal =     "Physical Review Letters",
}

@Book{Ruelle-1969,
  author =       "D. Ruelle",
  title =        "Statistical Mechanics: Rigorous Results",
  publisher =    "W. A. Benjamin",
  address =      "New York",
  year =         "1969",
}

@Article{Ruelle:AM:589,
  author =       "D. Ruelle",
  title =        "Characterization of {Lee--Yang} Polynomials",
  journal =      j-ANN-MATH,
  volume =       "171",
  pages =        "589--603",
  year =         "2010",
  CODEN =        "ANMAAH",
  ISSN =         "0003-486X (print), 1939-8980 (electronic)",
  ISSN-L =       "0003-486X",
  fjournal =     "Annals of Mathematics",
}

%Baker_Pade
@Book{Baker-1981,
  author =       "G. A. Baker and P. Graves-Morris",
  title =        "{Pad{\'e}} Approximants Part {I}: Basic Theory",
  publisher =    "Addison--Wesley Publishing Company",
  address =      "Massachusetts",
  year =         "1981",
}

%%%%%%%%%%%%%%%%%%%%%%%%%%%%%%%%%%%%%%%%%%%%%%%%%%%%%%%%
%%%%%%%%%%%%%%%%%%%%%%%%%%%%%%%%%%%%%%%%%%%%%%%%%%%%%%%%
@Article{Efros:PSS-475,
  author =       "A. L. Efros and B. I. Shklovskii",
  title =        "Critical Behavior of Conductivity and Dielectric
                 Constant near the Metal--Non-Metal Transition
                 Threshold",
  journal =      j-PHYS-STATUS-SOLIDI-B-BASIC-RES,
  volume =       "76",
  number =       "2",
  pages =        "475--485",
  year =         "1976",
  CODEN =        "PSSBBD",
  ISSN =         "0370-1972 (print), 1521-3951 (electronic)",
  ISSN-L =       "0370-1972",
  fjournal =     "Physica status solidi. B, Basic research",
}

@Book{Efros-84,
  author =       "B. I. Shklovskii and A. L. Efros",
  title =        "Electronic Properties of Doped Semiconductors",
  publisher =    pub-SV,
  address =      "New York",
  year =         "1984",
}

%RuelleArt
@Article{Ruelle:PRL:303,
  author =       "D. Ruelle",
  title =        "Extension of the {Lee-Yang} Circle Theorem",
  journal =      j-PHYS-REV-LET,
  volume =       "26",
  number =       "6",
  pages =        "303--304",
  year =         "1971",
  CODEN =        "PRLTAO",
  ISSN =         "0031-9007 (print), 1079-7114 (electronic), 1092-0145",
  ISSN-L =       "0031-9007",
  fjournal =     "Physical Review Letters",
}

@Article{Kusy:JAP-5301,
  author =       "R. P. Kusy",
  title =        "Influence of particle size ratio on the continuity of
                 aggregates",
  journal =      j-J-APPL-PHYS,
  volume =       "48",
  number =       "12",
  pages =        "5301--5303",
  year =         "1977",
  CODEN =        "JAPIAU",
  ISSN =         "0021-8979 (print), 1089-7550 (electronic), 1520-8850",
  ISSN-L =       "0021-8979",
  fjournal =     "Journal of Applied Physics",
}

%  note =  "An approximate formula for the critical volume fraction
%          for percolation
%            of the small metal spheres
%           in a compressed powder is given by
%        $p_c=(1+\xi \phi / (4 x_c))^{-1}$, where $\phi$
%         is a reciprocal planar packing factor, and $x_c$
%         is a critical surface area fraction of the
%         larger particles which must be covered
%         for percolation by the smaller particles.
%         Values based on microstructural analysis
%         giving good agreement with conductivity
%         experiments are
%         $x_c=0.42$ and $\phi=1.27$, which we have also
%         used as a reasonable approximation for sea ice.",

@Article{Kusy:N-58,
  author =       "R. P. Kusy and D. T. Turner",
  title =        "Electrical resistivity of a polymeric insulator
                 containing segregated metallic particles",
  journal =      j-NATURE,
  volume =       "229",
  pages =        "58--59",
  year =         "1971",
  CODEN =        "NATUAS",
  ISSN =         "0028-0836 (print), 1476-4687 (electronic)",
  ISSN-L =       "0028-0836",
  fjournal =     "Nature",
}

@Article{Kyrylyuk:PNAS-8221,
  author =       "A. V. Kyrylyuk and P. van der Schoot",
  title =        "Continuum percolation of carbon nanotubes in polymeric
                 and collidal media",
  journal =      j-PROC-NATL-ACAD-SCI-USA,
  volume =       "105",
  pages =        "8221--8226",
  year =         "2008",
  CODEN =        "PNASA6",
  ISSN =         "0027-8424 (print), 1091-6490 (electronic)",
  ISSN-L =       "0027-8424",
  fjournal =     "Proceedings of the National Academy of Sciences of the
                 United States of America",
}

@Article{Kuhn:JPA:295002,
  author =       "R. K{\"u}hn",
  title =        "Spectra of Sparse Random Matrices",
  journal =      "J. Phys. A: Math. Theor.",
  volume =       "41",
  number =       "6",
  pages =        "295002",
  year =         "2008",
}

@Article{Berdichevsky:JMPS:742,
  author =       "V. L. Berdichevsky",
  title =        "Entropy of Micro-Structure",
  journal =      j-J-MECH-PHYS-SOLIDS,
  volume =       "56",
  number =       "3",
  pages =        "742--771",
  year =         "2008",
  CODEN =        "JMPSA8",
  ISSN =         "0022-5096 (print), 1873-4782 (electronic)",
  ISSN-L =       "0022-5096",
  fjournal =     "Journal of the mechanics and physics of solids",
}

%LeeYangI
@Article{Yang:PR:404,
  author =       "C. N. Yang and T. D. Lee",
  title =        "Statistical theory of equations of state and phase
                 transitions. {I}. {Theory} of condensation",
  journal =      j-PHYS-REV,
  volume =       "87",
  pages =        "404--409",
  year =         "1952",
  CODEN =        "PHRVAO",
  ISSN =         "0031-899X (print), 1536-6065 (electronic)",
  ISSN-L =       "0031-899X",
  fjournal =     "Physical Review",
}

%LeeYangII
@Article{Lee:PR:411,
  author =       "T. D. Lee and C. N. Yang",
  title =        "Statistical theory of equations of state and phase
                 transitions. {II}. {Lattice} gas and {Ising} model",
  journal =      j-PHYS-REV,
  volume =       "87",
  pages =        "410--419",
  year =         "1952",
  CODEN =        "PHRVAO",
  ISSN =         "0031-899X (print), 1536-6065 (electronic)",
  ISSN-L =       "0031-899X",
  fjournal =     "Physical Review",
}

@Article{Baker:PRB:1184,
  author =       "G. A. Baker and D. S. Gaunt",
  title =        "Low-Temperature Critical Exponents from
                 High-Temperature Series: The {Ising} Model",
  journal =      j-PHYS-REV-B,
  volume =       "1",
  number =       "3",
  pages =        "1184--1210",
  year =         "1970",
  CODEN =        "PLRBAQ",
  ISSN =         "0556-2805",
  fjournal =     "Physical Review B (Solid State)",
}

@Article{Bourbie:JGR-11524,
  author =       "T. Bourbie and B. Zinszner",
  title =        "{Hydraulic and acoustic properties as a function of
                 porosity in Fontainebleau sandstone}",
  journal =      j-J-GEOPHYS-RES,
  volume =       "90",
  number =       "B13",
  pages =        "11,524--11,532",
  year =         "1985",
  CODEN =        "JGREA2",
  ISSN =         "0148-0227 (print), 2156-2202 (electronic)",
  ISSN-L =       "0148-0227",
  fjournal =     "Journal of geophysical research",
}

@Article{Uline:JCP:124301,
  author =       "M. J. Uline and D. W. Siderius and D. S. Corti",
  title =        "{On the generalized equipartition theorem in molecular
                 dynamics ensembles and the microcanonical
                 thermodynamics of small systems}",
  journal =      j-J-CHEM-PHYS,
  volume =       "128",
  pages =        "124301 (17pp.)",
  year =         "2008",
  CODEN =        "JCPSA6",
  ISSN =         "0021-9606 (print), 1089-7690 (electronic)",
  ISSN-L =       "0021-9606",
  fjournal =     "Journal of Chemical Physics",
}

%BakerI
@Article{Baker:PR:434,
  author =       "G. A. Baker",
  title =        "Convergent, Bounding Approximation Procedures with
                 Applications to the Ferromagnetic {Ising} Model",
  journal =      j-PHYS-REV,
  volume =       "161",
  number =       "2",
  pages =        "434--445",
  year =         "1967",
  CODEN =        "PHRVAO",
  ISSN =         "0031-899X (print), 1536-6065 (electronic)",
  ISSN-L =       "0031-899X",
  fjournal =     "Physical Review",
}

%BakerII
@Article{Baker:PRL-990,
  author =       "G. A. Baker",
  title =        "Some rigorous inequalities satisfied by the
                 ferromagnetic {Ising} model in a magnetic field",
  journal =      j-PHYS-REV-LET,
  volume =       "20",
  pages =        "990--992",
  year =         "1968",
  CODEN =        "PRLTAO",
  ISSN =         "0031-9007 (print), 1079-7114 (electronic), 1092-0145",
  ISSN-L =       "0031-9007",
  fjournal =     "Physical Review Letters",
}

@Article{Wintner:MP:1,
  author =       "A. Wintner",
  title =        "Uber die asymptotische Verteilungsfunktion rekurrenter
                 Winkelvariablen",
  journal =      j-MATH-PHYSICS,
  volume =       "4",
  number =       "1",
  pages =        "1--6",
  year =         "1934",
  fjournal =     "Math. Phys.",
}

@Article{Penrose,
  author =       "O. Penrose",
  title =        "Convergence of Fugacity Expansions for Fluids and
                 Lattice Gases",
  journal =      j-J-MATH-PHYS,
  volume =       "4",
  number =       "1",
  pages =        "1--6",
  year =         "1934",
  CODEN =        "JMAPAQ",
  ISSN =         "0022-2488",
  ISSN-L =       "0022-2488",
  fjournal =     "Journal of Mathematical Physics",
}

@Book{Firas,
  author =       "F. Rassoul-Agha and T. Sepp{\"a}l{\"a}inen",
  title =        "A Course on Large Deviation Theory with an
                 Introduction to {Gibbs} Measures",
  publisher =    "Unpublished",
  year =         "2008",
}

%  ADDRESS = {},



@Book{Martin-1981,
  author =       "N. F. G. Martin and J. W. England",
  title =        "Mathematical Theory of Entropy",
  publisher =    "Addison Wesley",
  address =      "Reading, Mass.",
  year =         "1981",
}

@Article{Sasaki:JTB:25,
  author =       "N. Sasaki and H. Yamamura and N. Matsushima",
  title =        "Is there a relation between bone strength and
                 percolation?",
  journal =      j-J-THEOR-BIOL,
  volume =       "122",
  number =       "1",
  pages =        "25--31",
  year =         "1986",
  CODEN =        "JTBIAP",
  ISSN =         "0022-5193 (print), 1095-8541 (electronic)",
  ISSN-L =       "0022-5193",
  fjournal =     "Journal of Theoretical Biology",
}

@Article{Golden:GRL:L16501,
  author =       "K. M. Golden and H. Eicken and A. L. Heaton and J.
                 Miner and D. Pringle and J. Zhu",
  title =        "Thermal evolution of permeability and microstructure
                 in sea ice",
  journal =      "Geophys. Res. Lett.",
  volume =       "34",
  pages =        "L16501 (6 pages and issue cover)",
  year =         "2007",
  DOI =          "http://dx.doi.org/doi:10.1029/2007GL030447",
  note =         "",
  OPTmonth =     "",
  OPTnumber =    "",
}

@Article{Gully:PhysB:357,
  author =       "A. Gully and L. G. E. Backstrom and H. Eicken and K.
                 M. Golden",
  title =        "Complex bounds and microstructural recovery from
                 measurements of sea ice permittivity",
  journal =      j-PHYSICA-B,
  volume =       "394",
  number =       "2",
  pages =        "357--362",
  year =         "2007",
  CODEN =        "PHYBE3",
  ISSN =         "0921-4526 (print), 1873-2135 (electronic)",
  ISSN-L =       "0921-4526",
  fjournal =     "Physica. B, Condensed matter",
}

@Book{Backstrom:2007:Book,
  author =       "L. G. E. Backstrom",
  title =        "Capacitance Measurements of Bulk Salinity and Brine
                 Movement in First-year Sea Ice",
  publisher =    "University of Alaska Fairbanks",
  year =         "2007",
}

@Article{Golden:JMPS-333,
  author =       "K. Golden",
  title =        "Bounds on the complex permittivity of a multicomponent
                 material",
  journal =      j-J-MECH-PHYS-SOLIDS,
  volume =       "34",
  number =       "4",
  pages =        "333--358",
  year =         "1986",
  CODEN =        "JMPSA8",
  ISSN =         "0022-5096",
  fjournal =     "Journal of the Mechanics and Physics of Solids",
}

@Article{Golden:S-2238,
  author =       "K. M. Golden and S. F. Ackley and V. I. Lytle",
  title =        "The percolation phase transition in sea ice",
  journal =      j-SCIENCE,
  volume =       "282",
  pages =        "2238--2241",
  year =         "1998",
  CODEN =        "SCIEAS",
  ISSN =         "0036-8075 (print), 1095-9203 (electronic)",
  ISSN-L =       "0036-8075",
  fjournal =     "Science",
}

@Article{Golden:NAMS:2009,
  author =       "K. M. Golden",
  title =        "Climate change and the mathematics of transport in sea
                 ice",
  journal =      j-NAMS,
  volume =       "56",
  number =       "5",
  pages =        "562--584 and issue cover",
  year =         "2009",
  CODEN =        "AMNOAN",
  ISSN =         "0002-9920 (print), 1088-9477 (electronic)",
  ISSN-L =       "0002-9920",
  fjournal =     "Notices of the American Mathematical Society",
}

@Article{Golden:JMP-5627,
  author =       "K. M. Golden",
  title =        "Statistical mechanics of conducting phase
                 transitions",
  journal =      j-J-MATH-PHYS,
  volume =       "36",
  number =       "10",
  pages =        "5627--5642",
  year =         "1995",
  CODEN =        "JMAPAQ",
  ISSN =         "0022-2488",
  ISSN-L =       "0022-2488",
  fjournal =     "Journal of Mathematical Physics",
}

%GoldenII
@Article{Golden:PRL-3935,
  author =       "K. M. Golden",
  title =        "Critical behavior of transport in lattice and
                 continuum percolation models",
  journal =      J-PRL,
  volume =       "78",
  number =       "20",
  pages =        "3935--3938",
  year =         "1997",
}

@Article{Golden:CMP-473,
  author =       "K. M. Golden and G. Papanicolaou",
  title =        "Bounds for Effective Parameters of Heterogeneous Media
                 by Analytic Continuation",
  journal =      j-COMMUN-MATH-PHYS,
  volume =       "90",
  pages =        "473--491",
  year =         "1983",
  CODEN =        "CMPHAY",
  ISSN =         "0010-3616",
  fjournal =     "Communications in Mathematical Physics",
}

%GoldenIV
@Article{Golden_Int_Series_Num_Math_102(1991),
  author =       "K. M. Golden",
  title =        "Bulk conductivity of the square lattice for complex
                 volume fraction",
  journal =      "Int. Series Num. Math",
  volume =       "102",
  pages =        "71--83",
  year =         "1991",
}

@InProceedings{Golden:SIAM89,
  author =       "K. Golden",
  editor =       "R. V. Kohn and G. W. Milton",
  booktitle =    "Random Media and Composites",
  title =        "Convexity in random resistor networks",
  publisher =    pub-SIAM,
  address =      "Philadelphia",
  pages =        "149--170",
  year =         "1989",
}

@Article{Golden:CMP-467,
  author =       "K. M. Golden",
  title =        "Exponent Inequalities for the Bulk Conductivity of a
                 Hierarchical Model",
  journal =      j-COMMUN-MATH-PHYS,
  volume =       "143",
  number =       "3",
  pages =        "467--499",
  year =         "1992",
  CODEN =        "CMPHAY",
  ISSN =         "0010-3616",
  fjournal =     "Communications in Mathematical Physics",
}

@Article{Milton:APL-300,
  author =       "G. W. Milton",
  title =        "Bounds on the complex dielectric constant of a
                 composite material",
  journal =      j-APPL-PHYS-LET,
  volume =       "37",
  pages =        "300--302",
  year =         "1980",
  CODEN =        "APPLAB",
  ISSN =         "0003-6951 (print), 1077-3118 (electronic), 1520-8842",
  ISSN-L =       "0003-6951",
  bibdate =      "Tue Jan 10 12:21:21 1995",
  fjournal =     "Applied Physics Letters",
}

@Article{Milton:JAP-5294,
  author =       "G. W. Milton",
  title =        "Bounds on the transport and optical properties of a
                 two-component composite material",
  journal =      "J. Appl. Phys.",
  volume =       "52",
  number =       "8",
  pages =        "5294--5304",
  year =         "1981",
}

@Article{Milton:JAP-5286,
  author =       "G. W. Milton",
  title =        "Bounds on the complex permittivity of a two‐
                 component composite material",
  journal =      "J. Appl. Phys.",
  volume =       "52",
  number =       "8",
  pages =        "5286--5293",
  year =         "1981",
}

@Book{MILTON:2002:TC,
  author =       "G. W. Milton",
  title =        "Theory of Composites",
  publisher =    "Cambridge University Press",
  address =      "Cambridge",
  year =         "2002",
}

@Book{Henrici:1974:v1,
  author =       "P. Henrici",
  title =        "Applied and Computational Complex Analysis. Volume
                 1.",
  publisher =    "John Wiley \& Sons Inc.",
  address =      "New York",
  year =         "1974",
}

%Power series--integration--conformal mapping--location of zeros.

@Book{Henrici:1974:v2,
  author =       "P. Henrici",
  title =        "Applied and Computational Complex Analysis. Volume
                 2.",
  publisher =    "John Wiley \& Sons Inc.",
  address =      "New York",
  year =         "1974",
}

%Special functions--integral transforms--asymptotics--continued fractions.




@Book{Henrici:1974:v3,
  author =       "P. Henrici",
  title =        "Applied and Computational Complex Analysis. Volume
                 3.",
  publisher =    "John Wiley \& Sons Inc.",
  address =      "New York",
  year =         "1974",
}

% Discrete {Fourier} analysis--{Cauchy} integrals--construction of
%  conformal maps--univalent functions.



@Article{Bergman:PRL-1285,
  author =       "D. J. Bergman",
  title =        "Exactly Solvable Microscopic Geometries and Rigorous
                 Bounds for the Complex Dielectric Constant of a
                 Two-Component Composite Material",
  journal =      j-PHYS-REV-LET,
  volume =       "44",
  pages =        "1285--1287",
  year =         "1980",
  CODEN =        "PRLTAO",
  ISSN =         "0031-9007 (print), 1079-7114 (electronic), 1092-0145",
  ISSN-L =       "0031-9007",
  fjournal =     "Physical Review Letters",
}

@Article{Bergman:PRC-377,
  author =       "D. J. Bergman",
  title =        "The Dielectric Constant of a Composite Material -- {A}
                 problem in Classical Physics",
  journal =      "Phys. Rep. C",
  volume =       "43",
  number =       "9",
  pages =        "377--407",
  year =         "1978",
}

@Article{Bergman:AP-78,
  author =       "D. J. Bergman",
  title =        "Rigorous Bounds for the Complex Dielectric Constant of
                 a Two--Component Composite",
  journal =      j-ANN-PHYS,
  volume =       "138",
  pages =        "78--114",
  year =         "1982",
  CODEN =        "APNYA6",
  ISSN =         "0003-4916 (print), 1096-035X (electronic)",
  ISSN-L =       "0003-4916",
  fjournal =     "Annals of Physics",
}

@Article{Bergman:SSP-147,
  author =       "D. J. Bergman and D. Stroud",
  title =        "Physical Properties of Macroscopically Inhomogeneous
                 Media",
  journal =      j-SOLID-STATE-PHYS-N-Y-1955,
  volume =       "46",
  pages =        "147--269",
  year =         "1992",
  CODEN =        "SSPHAE",
  ISSN =         "0081-1947",
  fjournal =     "Solid state physics (New York. 1955)",
}

@Article{Clerc:AP-191,
  author =       "J. P. Clerc and G. Giraud and J. M. Laugier and J. M.
                 Luck",
  title =        "The electrical conductivity of binary disordered
                 systems, percolation clusters, fractals, and related
                 models",
  journal =      j-ADV-PHYS,
  volume =       "39",
  number =       "3",
  pages =        "191--309",
  year =         "1990",
  CODEN =        "ADPHAH",
  ISSN =         "0001-8732 (print), 1460-6976 (electronic)",
  ISSN-L =       "0001-8732",
  fjournal =     "Advances in physics",
}

@Article{Davis:OC-70,
  author =       "C. A. Davis and D. R. McKenzie and R. C. McPhedran",
  title =        "Optical properties and microstructure of thin silver
                 films",
  journal =      "Optics Comm.",
  volume =       "85",
  number =       "1",
  pages =        "70--82",
  year =         "1991",
}

@Article{Day:JPCM-96,
  author =       "A. R. Day and M. F. Thorpe",
  title =        "The spectral function of random resistor networks",
  journal =      j-J-PHYS-CONDENS-MATTER,
  volume =       "8",
  pages =        "4389--4409",
  year =         "1996",
}

@Article{Day:JPCM-99,
  author =       "A. R. Day and M. F. Thorpe",
  title =        "The spectral function of composites: the inverse
                 problem",
  journal =      j-J-PHYS-CONDENS-MATTER,
  volume =       "11",
  pages =        "2551--2568",
  year =         "1999",
}

@Article{Bruno:JSP-365,
  author =       "O. Bruno and K. Golden",
  title =        "Interchangeability and bounds on the effective
                 conductivity of the square lattice",
  journal =      j-J-STAT-PHYS,
  volume =       "61",
  pages =        "365--386",
  year =         "1990",
  CODEN =        "JSTPSB",
  ISSN =         "0022-4715 (print), 1572-9613 (electronic)",
  ISSN-L =       "0022-4715",
  fjournal =     "Journal of Statistical Physics",
}

@Article{Bruno:PRSLA-353,
  author =       "O. Bruno",
  title =        "The effective conductivity of strongly heterogeneous
                 composites",
  journal =      "Proc. R. Soc. London A",
  volume =       "433",
  pages =        "353--381",
  year =         "1991",
}

@Book{Baker-1990,
  author =       "G. A. Baker",
  title =        "Quantitative Theory of Critical Phenomena",
  publisher =    "Academic Press",
  address =      "New York",
  year =         "1990",
}

@Article{Halperin:PRL-2391,
  author =       "B. I. Halperin and S. Feng and P. N. Sen",
  title =        "Differences between lattice and continuum percolation
                 transport exponents",
  journal =      j-PHYS-REV-LET,
  volume =       "54",
  number =       "22",
  pages =        "2391--2394",
  year =         "1985",
  CODEN =        "PRLTAO",
  ISSN =         "0031-9007 (print), 1079-7114 (electronic), 1092-0145",
  ISSN-L =       "0031-9007",
  fjournal =     "Physical Review Letters",
}

@Book{Stauffer-92,
  author =       "D. Stauffer and A. Aharony",
  title =        "Introduction to Percolation Theory",
  publisher =    "Taylor and Francis",
  address =      "London",
  edition =      "Second",
  year =         "1992",
}

@Book{Torquato:RHM-02,
  author =       "S. Torquato",
  title =        "Random Heterogeneous Materials: Microstructure and
                 Macroscopic Properties",
  publisher =    "Springer-Verlag",
  address =      "New York",
  year =         "2002",
}

@Article{Halsey:S-761,
  author =       "T. C. Halsey",
  title =        "Electrorheological fluids",
  journal =      j-SCIENCE,
  volume =       "258",
  pages =        "761--766",
  year =         "1992",
  CODEN =        "SCIEAS",
  ISSN =         "0036-8075 (print), 1095-9203 (electronic)",
  ISSN-L =       "0036-8075",
  fjournal =     "Science",
}

@Book{Tao-EF,
  author =       "R. Tao and G. D. {Roy (eds.)}",
  title =        "Electrorheological Fluids: Mechanisms, Properties,
                 Technology, and Applications",
  publisher =    "World Scientific",
  address =      "Singapore",
  year =         "1994",
}

@Article{Wen:APL-2147,
  author =       "W. Wen and K. Lu",
  title =        "Frequency dependence of metal-particle/insulating oil
                 electrorheological fluids",
  journal =      j-APPL-PHYS-LET,
  volume =       "67",
  pages =        "2147--2148",
  year =         "1995",
  CODEN =        "APPLAB",
  ISSN =         "0003-6951 (print), 1077-3118 (electronic), 1520-8842",
  ISSN-L =       "0003-6951",
  fjournal =     "Applied Physics Letters",
}

@Article{Wen:PF-1826,
  author =       "W. Wen and K. Lu",
  title =        "Pattern transitions induced by the surface properties
                 of suspended microspheres in electrorheological fluid",
  journal =      j-PHYS-FLUIDS,
  volume =       "9",
  pages =        "1826--1829",
  year =         "1997",
  CODEN =        "PHFLE6",
  ISSN =         "1070-6631",
  ISSN-L =       "1070-6631",
  fjournal =     "Physics of Fluids",
}

%Wen_etal
@Article{Wen:SoftMatter-200,
  author =       "W. Wen and X. Huang and P. Sheng",
  title =        "Electrorheological Fluids: Structures and Mechanisms",
  journal =      "Soft Matter",
  volume =       "4",
  number =       "2",
  pages =        "200--210",
  year =         "2008",
}

@Article{Sheng:PRB-1331,
  author =       "P. Sheng and R. V. Kohn",
  title =        "Geometric effects in continuous-media percolation",
  journal =      j-PHYS-REV-B,
  volume =       "26",
  pages =        "1331--1335",
  year =         "1982",
  CODEN =        "PLRBAQ",
  ISSN =         "0556-2805",
  fjournal =     "Physical Review B (Solid State)",
}

@Article{Tao:APL-1844,
  author =       "R. Tao and J. T. Woestman and N. K. Jaggi",
  title =        "Electric field induced solidification",
  journal =      j-APPL-PHYS-LET,
  volume =       "55",
  pages =        "1844--1846",
  year =         "1989",
  CODEN =        "APPLAB",
  ISSN =         "0003-6951 (print), 1077-3118 (electronic), 1520-8842",
  ISSN-L =       "0003-6951",
  fjournal =     "Applied Physics Letters",
}

%%%%%%%%%%%%%%%%%%%%%%%%%%%%%%%%%%
%% Random Matrix Theory Citations	%%%%%%%%%%%%%%%%%%%%%%%%%%%%%%%%%%%%%%%%%%%%%%%%%%%%%%%%%%%%%%%%%%%%
%%%%%%%%%%%%%%%%%%%%%%%%%%%%%%%%%%

@Article{Abul-Magd:PLA:2004,
  author =       "A. Y. Abul-Magd",
  title =        "Non-extensive Random Matrix Theory --- a Bridge
                 Connecting Chaotic and Regular Dynamics",
  journal =      j-PHYS-LET-A,
  volume =       "333",
  number =       "1-2",
  pages =        "16--22",
  year =         "2004",
  CODEN =        "PYLAAG",
  ISSN =         "0375-9601 (print), 1873-2429 (electronic)",
  ISSN-L =       "0375-9601",
  fjournal =     "Physics Letters A",
}

@Article{Abul-Magd:j-PLA:2007,
  author =       "A. Y. Abul-Magd",
  title =        "Non-extensive random-matrix theory based on
                 {Kaniadakis} entropy",
  journal =      j-PHYS-LET-A,
  volume =       "361",
  number =       "6",
  pages =        "450--454",
  year =         "2007",
  CODEN =        "PYLAAG",
  ISSN =         "0375-9601 (print), 1873-2429 (electronic)",
  ISSN-L =       "0375-9601",
  fjournal =     "Physics Letters A",
}

@Article{Muttalib:PRL:471,
  author =       "K. A. Muttalib and Y. Chen and M. E. H. Ismail and V.
                 N. Nicopoulos",
  title =        "New Family of Unitary Random Matrices",
  journal =      j-PHYS-REV-LET,
  volume =       "71",
  number =       "4",
  pages =        "471--475",
  year =         "1993",
  CODEN =        "PRLTAO",
  ISSN =         "0031-9007 (print), 1079-7114 (electronic), 1092-0145",
  ISSN-L =       "0031-9007",
  fjournal =     "Physical Review Letters",
}

@article{Blecken:JPA:L563,
  author={C. Blecken and Y. Chen and K. A. Muttalib},
  title={Transitions in spectral statistics},
  journal=j-J-PHYS-A,
  volume={27},
  number={16},
  pages={L563},
  url={http://stacks.iop.org/0305-4470/27/i=16/a=001},
  year={1994},  
}		  
		  
		  
@Article{Deuring:JSP-113,
  author =       "E. Deuring and R. Blumenfeld and D. J. Bergman and A.
                 Aharony and M. Murat",
  title =        "Current distributions in a two-dimensional
                 random-resistor network",
  journal =      j-J-STAT-PHYS,
  volume =       "3267",
  pages =        "113--121",
  year =         "1992",
  CODEN =        "JSTPSB",
  ISSN =         "0022-4715 (print), 1572-9613 (electronic)",
  ISSN-L =       "0022-4715",
  fjournal =     "Journal of Statistical Physics",
}

@Article{Blumenfeld:PRB-3524,
  author =       "R. Blumenfeld and Y. Meir and A. Aharony and A. B.
                 Harris",
  title =        "Resistance fluctuations in randomly diluted networks",
  journal =      j-PHYS-REV-B,
  volume =       "35",
  pages =        "3524--3535",
  year =         "1987",
  CODEN =        "PLRBAQ",
  ISSN =         "0556-2805",
  fjournal =     "Physical Review B (Solid State)",
}

@Article{Blecken:JPA:31,
  author =       "C. Blecken and K. A. Muttalib",
  title =        "{Brownian} motion model of a $q$-deformed random
                 matrix ensemble",
  journal =      j-J-PHYS-A,
  volume =       "31",
  pages =        "2123--2132",
  year =         "1998",
  CODEN =        "JPHAC5",
  ISSN =         "0305-4470 (print), 1361-6447 (electronic)",
  ISSN-L =       "0305-4470",
  fjournal =     "Journal of Physics A (Mathematical and General)",
}

@InBook{Muttalib_etal_qRME,
  author =       "K. A. Muttalib and Y. Chen and M. E. H. Ismail",
  title =        "$q$-Random Matrix Ensembles in ``Symbolic computation,
                 number theory, special functions, physics and
                 combinatorics",
  chapter =      "9",
  publisher =    "Kluwer Academic",
  address =      "Amsterdam, Netherlands",
  pages =        "1--23",
  year =         "2001",
}

@Article{Guhr:PR:189,
  author =       "T. Guhr and A. M{\"u}ller-Groeling and H. A.
                 Weidenm{\"u}ller",
  title =        "Random-matrix Theories in Quandom Physics: Common
                 Concepts",
  journal =      "Phys. Rept.",
  volume =       "299",
  number =       "4",
  pages =        "189--425",
  year =         "1998",
}

@Article{Konig,
  author =       "W. K{\"o}nig",
  title =        "Orthogonal Polynomial Ensembles in Probability
                 Theory",
  journal =      "Probability Surveys",
  volume =       "2",
  number =       "183",
  pages =        "385--447",
  year =         "2005",
}

@Book{Durrett:Book:Probability,
  author =       "R. Durrett",
  title =        "Probability: Theory and Examples",
  publisher =    "Cambridge University Press",
  year =         "2010",
  series =       "4th Edition",
}

@Article{Balian:NCB:471,
  author =       "R. Balian",
  title =        "Random Matrices and Information Theory",
  journal =      "Nuovo Cimento B",
  volume =       "57",
  number =       "183",
  pages =        "471--475",
  year =         "1968",
}

@Article{Wigner_PCP:790,
  author =       "E. P. Wigner",
  title =        "On the statistical distribution of the widths and
                 spacings of nuclear resonance levels",
  journal =      j-PROC-CAMBRIDGE-PHIL-SOC,
  volume =       "47",
  number =       "4",
  pages =        "790--798",
  year =         "1951",
  CODEN =        "PCPSA4",
  ISSN =         "0008-1981",
  fjournal =     "Proceedings of the Cambridge Philosophical Society.
                 Mathematical and physical sciences",
}

%TITLE = {},


@Article{Dyson:JMP:140,
  author =       "F. J. Dyson",
  title =        "Statistical Theory of the Energy Levels of Complex
                 Systems. {I}",
  journal =      j-J-MATH-PHYS,
  volume =       "3",
  pages =        "140--156",
  year =         "1962",
  CODEN =        "JMAPAQ",
  ISSN =         "0022-2488",
  ISSN-L =       "0022-2488",
  fjournal =     "Journal of Mathematical Physics",
}

@Article{Dyson:JMP:157,
  author =       "F. J. Dyson",
  title =        "Statistical Theory of the Energy Levels of Complex
                 Systems. {II}",
  journal =      j-J-MATH-PHYS,
  volume =       "3",
  pages =        "157--165",
  year =         "1962",
  CODEN =        "JMAPAQ",
  ISSN =         "0022-2488",
  ISSN-L =       "0022-2488",
  fjournal =     "Journal of Mathematical Physics",
}

@Article{Dyson:JMP:166,
  author =       "F. J. Dyson",
  title =        "Statistical Theory of the Energy Levels of Complex
                 Systems. {III}",
  journal =      j-J-MATH-PHYS,
  volume =       "3",
  pages =        "166--175",
  year =         "1962",
  CODEN =        "JMAPAQ",
  ISSN =         "0022-2488",
  ISSN-L =       "0022-2488",
  fjournal =     "Journal of Mathematical Physics",
}

@Article{Dyson:Mehta:JMP:701,
  author =       "F. J. Dyson and M. L. Mehta",
  title =        "Statistical Theory of the Energy Levels of Complex
                 Systems {IV}",
  journal =      j-J-MATH-PHYS,
  volume =       "4",
  number =       "5",
  pages =        "701--712",
  year =         "1963",
  CODEN =        "JMAPAQ",
  ISSN =         "0022-2488",
  ISSN-L =       "0022-2488",
  fjournal =     "Journal of Mathematical Physics",
}

@Article{Dyson:JMP:1191,
  author =       "F. J. Dyson",
  title =        "A {Brownian}-Motion Model for the Eigenvalues of a
                 Random Matrix",
  journal =      j-J-MATH-PHYS,
  volume =       "3",
  number =       "6",
  pages =        "1191--1198",
  year =         "1962",
  CODEN =        "JMAPAQ",
  ISSN =         "0022-2488",
  ISSN-L =       "0022-2488",
  fjournal =     "Journal of Mathematical Physics",
}

@Article{Dyson:JMP:90,
  author =       "F. J. Dyson",
  title =        "A Class of Matrix Ensembles",
  journal =      j-J-MATH-PHYS,
  volume =       "13",
  number =       "1",
  pages =        "90--97",
  year =         "1972",
  CODEN =        "JMAPAQ",
  ISSN =         "0022-2488",
  ISSN-L =       "0022-2488",
  fjournal =     "Journal of Mathematical Physics",
}

@Article{Broadbent:PCPS-629,
  author =       "S. R. Broadbent and J. M. Hammersley",
  title =        "Percolation processes {I}. {Crystals} and mazes",
  journal =      j-PCPS,
  volume =       "53",
  pages =        "629--641",
  year =         "1957",
}

@Article{Chen:PRL:2007,
  author =       "Y. Chen and C. A. Schuh",
  title =        "Percolation of diffusional creep: a new universality
                 class",
  journal =      j-PHYS-REV-LET,
  volume =       "98",
  pages =        "035701 (4pp.)",
  year =         "2007",
  CODEN =        "PRLTAO",
  ISSN =         "0031-9007 (print), 1079-7114 (electronic), 1092-0145",
  ISSN-L =       "0031-9007",
  fjournal =     "Physical Review Letters",
}

@Article{Kyrylyuk:PNAS:2008,
  author =       "A. V. Kyrylyuk and P. van der Schoot",
  title =        "Continuum percolation of carbon nanotubes in polymeric
                 and colloidal media",
  journal =      j-PROC-NATL-ACAD-SCI-USA,
  volume =       "105",
  pages =        "8221--8226",
  year =         "2008",
  CODEN =        "PNASA6",
  DOI =          "http://dx.doi.org/10.1073/pnas.0711449105",
  ISSN =         "0027-8424 (print), 1091-6490 (electronic)",
  ISSN-L =       "0027-8424",
  fjournal =     "Proceedings of the National Academy of Sciences of the
                 United States of America",
}

@Article{Brody_etal,
  author =       "T. A. Brody and J. Flores and J. B. French and P. A.
                 Mello and A. Pandey and S. S. M. Wong",
  title =        "Random-Matrix Physics: Spectrum and Strength
                 Fluctuations",
  journal =      j-REV-MOD-PHYS,
  volume =       "53",
  number =       "3",
  pages =        "385--480",
  year =         "1981",
  CODEN =        "RMPHAT",
  ISSN =         "0034-6861 (print), 1538-4527 (electronic), 1539-0756",
  ISSN-L =       "0034-6861",
  fjournal =     "Reviews of Modern Physics",
}

@Article{Muttalib_Markos_Wolfle,
  author =       "K. A. Muttalib and P. Markos and P. Wolfle",
  title =        "Conductance Distribution in Strongly Disordered
                 Mesoscopic Systems in Three Dimensions",
  journal =      j-PHYS-REV-B,
  volume =       "72",
  number =       "125317",
  pages =        "471--475",
  year =         "2005",
  CODEN =        "PLRBAQ",
  ISSN =         "0556-2805",
  fjournal =     "Physical Review B (Solid State)",
}

@Article{Kravtsov:PRL:1913,
  author =       "V. E. Kravtsov and K. A. Muttalib",
  title =        "New Class of Random Matrix Ensembles with Multifractal
                 Eigenvectors",
  journal =      j-PHYS-REV-LET,
  volume =       "79",
  number =       "10",
  pages =        "1913--1916",
  year =         "1997",
  CODEN =        "PRLTAO",
  ISSN =         "0031-9007 (print), 1079-7114 (electronic), 1092-0145",
  ISSN-L =       "0031-9007",
  fjournal =     "Physical Review Letters",
}

@Article{Chen:JPCM:L417,
  author =       "Y. Chen and M. E. H. Ismail and K. A. Muttalib",
  title =        "A Solvable Random Matrix Model for Disordered
                 Conductors",
  journal =      j-J-PHYS-CONDENS-MATTER,
  volume =       "71",
  number =       "4",
  pages =        "L417--L423",
  year =         "1992",
  CODEN =        "JCOMEL",
  ISSN =         "0953-8984 (print), 1361-648X (electronic)",
  ISSN-L =       "0953-8984",
  fjournal =     "Journal of Physics: Condensed Matter",
}

@Article{Chen:JPCM:177,
  author =       "Y. Chen and M. E. H. Ismail and K. A. Muttalib",
  title =        "Metallic and Insulating Behavior in an Exactly
                 Solvable Random Matrix Model",
  journal =      j-J-PHYS-CONDENS-MATTER,
  volume =       "71",
  number =       "5",
  pages =        "177--190",
  year =         "1993",
  CODEN =        "JCOMEL",
  ISSN =         "0953-8984 (print), 1361-648X (electronic)",
  ISSN-L =       "0953-8984",
  fjournal =     "Journal of Physics: Condensed Matter",
}

@Article{Pastur:JAT:06,
  author =       "L. A. Pastur",
  title =        "From Random Matrices to Quasi-Periodic {Jacobi}
                 Matrices via Orthogonal Polynomials",
  journal =      j-J-APPROX-THEORY,
  volume =       "139",
  number =       "1",
  pages =        "269--292",
  year =         "2006",
  CODEN =        "JAXTAZ",
  ISSN =         "0021-9045 (print), 1096-0430 (electronic)",
  ISSN-L =       "0021-9045",
  fjournal =     "Journal of Approximation Theory",
}

@Article{Canali:PRB:3713,
  author =       "C. M. Canali",
  title =        "Model For a Random-Matrix Description of the
                 Energy-Level Statistics of Disordered Systems at the
                 {Anderson} Transition",
  journal =      j-PHYS-REV-B,
  volume =       "53",
  number =       "7",
  pages =        "3713--3730",
  year =         "1996",
  CODEN =        "PLRBAQ",
  ISSN =         "0556-2805",
  fjournal =     "Physical Review B (Solid State)",
}

@Article{Beenakker:PhysA:61,
  author =       "C. W. J. Beenakker and B. Rejaei",
  title =        "Random-matrix theory of parametric correlations in the
                 spectra of disordered metals and chaotic billiards",
  journal =      j-PHYSICA-A,
  volume =       "203",
  number =       "1",
  pages =        "61--90",
  year =         "1994",
  CODEN =        "PHYADX",
  ISSN =         "0378-4371 (print), 1873-2119 (electronic)",
  ISSN-L =       "0378-4371",
  fjournal =     "Physica A",
}

@Article{Gu:PRE:02,
  author =       "Y. Gu and K. W. Yu and Z. R. Yang",
  title =        "Statistics of level spacing of geometric resonances in
                 random binary composites",
  journal =      j-PHYS-REV-E,
  volume =       "65",
  pages =        "046129 (5pp.)",
  year =         "2002",
  CODEN =        "PLEEE8",
  ISSN =         "1539-3755 (print), 1550-2376 (electronic)",
  ISSN-L =       "1539-3755",
  fjournal =     "Physical Review E (Statistical physics, plasmas,
                 fluids, and related interdisciplinary topics)",
}

@Article{Luo_etal:PLA:420,
  author =       "F. Luo and J. Zhong and Y. Yang and R. H. Scheuermann
                 and J. Zhou",
  title =        "Application of random matrix theory to biological
                 networks",
  journal =      j-PHYS-LET-A,
  volume =       "357",
  pages =        "420--423",
  year =         "2006",
  CODEN =        "PYLAAG",
  ISSN =         "0375-9601 (print), 1873-2429 (electronic)",
  ISSN-L =       "0375-9601",
  fjournal =     "Physics Letters A",
}

@Article{Bandyopadhyay:PRE_SNSMP:07,
  author =       "J. N. Bandyopadhyay and S. Jalan",
  title =        "Universality in complex networks: random matrix
                 analysis",
  journal =      j-PHYS-REV-E,
  volume =       "76",
  pages =        "026109 (4pp.)",
  year =         "2007",
  CODEN =        "PLEEE8",
  ISSN =         "1539-3755 (print), 1550-2376 (electronic)",
  ISSN-L =       "1539-3755",
  fjournal =     "Physical Review E (Statistical physics, plasmas,
                 fluids, and related interdisciplinary topics)",
}

@Book{Deift:2000:RMT,
  author =       "P. Deift",
  title =        "Orthogonal Polynomials and Random Matrices: a
                 {Riemann--Hilbert} Approach",
  publisher =    "Courant Institute of Mathematical Sciences",
  address =      "New York, NY",
  year =         "2000",
}

@Article{Deift:CPAM:867,
  author =       "P. Deift and D. Gioev",
  title =        "Universality at the edge of the spectum for unitary,
                 orthogonal, and symplectic ensembles of random
                 matrices.",
  journal =      j-COMM-PURE-APPL-MATH,
  volume =       "60",
  number =       "6",
  pages =        "867--910",
  year =         "2007",
  CODEN =        "CPAMAT, CPMAMV",
  ISSN =         "0010-3640 (print), 1097-0312 (electronic)",
  ISSN-L =       "0010-3640",
  fjournal =     "Communications on Pure and Applied Mathematics (New
                 York)",
}

@Book{Deift:2009:RMT,
  author =       "P. Deift",
  title =        "Random Matrix Theory: Invariant Ensembles and
                 Universality",
  publisher =    "Courant Institute of Mathematical Sciences",
  address =      "New York, NY",
  year =         "2009",
}

@Article{Deift:JFA:358,
  author =       "P. Deift and L. C. Li and C. Tomei",
  title =        "Toda flows with infinitely many variables",
  journal =      j-J-FUNCT-ANAL,
  volume =       "64",
  number =       "3",
  pages =        "358--402",
  year =         "1985",
  CODEN =        "JFUAAW",
  ISSN =         "0022-1236 (print), 1096-0783 (electronic)",
  ISSN-L =       "0022-1236",
  fjournal =     "Journal of functional analysis",
}


@Book{Mezzadri:2005:RMT_RH,
  author =       "F. Mezzadri and N. C. Snaith",
  title =        "Recent Perspectives in Random Matrix Theory and Number
                 Theory",
  publisher =    "Cambridge University Press",
  address =      "Cambridge, UK",
  year =         "2005",
}

@Book{Forrester:2010:RMT,
  author =       "P. J. Forrester",
  title =        "Log-gases and random matrices",
  publisher =    "Princeton University Press",
  address =      "Princeton, New Jersey",
  year =         "2010",
}

@Book{Landau,
  author =       "L. D. Landau and E. M. Lifshitz",
  title =        "Electrodynamics of Continuous Media",
  publisher =    "Addison Wesley",
  address =      "Reading, MA",
  year =         "1960",
}

@InBook{Stone:chapter:369,
  author =       "A. D. Stone and P. A. Mello and K. A. Muttalib and J.
                 L. Pichard",
  title =        "Random Matrix Theory and Maximum Entropy Models for
                 Disordered Conductors",
  chapter =      "9",
  publisher =    "Elsevier Science Publishers",
  address =      "Amsterdam, Netherlands",
  pages =        "369--448",
  year =         "1991",
}

@Book{Mehta:2004:RMT,
  author =       "M. L. Mehta",
  title =        "Random Matrices",
  publisher =    "Elsevier",
  address =      "Amsterdam",
  edition =      "Third",
  year =         "2004",
}

@Article{Simon:IPI:07,
  author =       "B. Simon",
  title =        "Equilibrium Measures and Capacities in Spectral
                 Theory",
  journal =      j-IPI,
  volume =       "1",
  number =       "4",
  pages =        "713--772",
  year =         "2007",
}

@Book{Saff_Totik:97,
  author =       "E. B. Saff and V. Totik",
  title =        "Logarithmic Potentials with External Fields",
  publisher =    "Springer",
  address =      "New York",
  year =         "1997",
}

@Article{Murphy:JMP:063506,
  author =       "N. B. Murphy and K. M. Golden",
  title =        "The {Ising} Model and critical behavior of transport
                 in binary composite media",
  journal =      j-J-MATH-PHYS,
  volume =       "53",
  pages =        "063506 (25pp.)",
  year =         "2012",
  pagecount =    "25",
}

@Unpublished{Murphy_Multiscale_Sea_Ice,
  author =       "N. B. Murphy and C. Hohenegger and C. S. Sampson and
                 D. K. Perovich and H. Eicken and E. Cherkaev and B.
                 Alali and K. M. Golden",
  title =        "Spectral Analysis of Multiscale Sea Ice Structures in
                 the Climate System",
  year =         "2014",
  note =         "In Preparation",
}

@Unpublished{Murphy_Advective_Diffusion,
  author =       "N. B. Murphy and J. Zhu and K. M. Golden and J. Xin",
  title =        "Spectral measure computations for advective
                  diffusion by random flows",
  year =         "2014",
  note =         "In Preparation",
}
		  
@Unpublished{Murphy_Advective_Diffusion_Dynamic,
  author =       "N. B. Murphy and J. Xin and E. Cherkaev and J. Zhu",
  title =        "Spectral theory of advective diffusion by steady and
                  dynamic flows",
  year =         "2014",
  note =         "In Preparation",
}		  

@Unpublished{Murphy_Thermo_Stat_Mech,
  author =       "N. B. Murphy and P. Sheng and K. M. Golden",
  title =        "Statistical Mechanics of Homogenization for Composite
                 Media",
  year =         "2014",
  note =         "In Preparation",
}

@Unpublished{Murphy_RMT_of_Composites,
  author =       "N. B. Murphy and K. M. Golden",
  title =        "Random matrix universality for connectedness transitions in
  composite materials",
  year =         "2014",
  note =         "Submitted",
}

@Unpublished{Murphy_Polycrystalline_Media_ACM,
  author =       "N. B. Murphy and E. Cherkaev and K. M. Golden",
  title =        "Spectral analysis and computation for random polycrystalline media",
  year =         "2014",
  note =         "In Preparation",
}		  
		  
@Unpublished{Murphy_Polycrystalline_Media,
  author =       "N. B. Murphy and A. Gully and E. Cherkaev and K. M.
                 Golden",
  title =        "Spectral measure computations and complex bounds for
                  polycrystalline media",
  year =         "2014",
  note =         "In Preparation",
}

@Unpublished{Murphy:CMS:Submitted,
  author =       "N. B. Murphy and E. Cherkaev and C. Hohenegger and K.
                 M. Golden",
  title =        "Spectral measure computations for composite
                 materials",
  year =         "2013",
  note =         "Submitted",
}

@Book{Gautschi:2004:OP,
  author =       "W. Gautshci",
  title =        "Orthogonal Polynomials Computation and Approximation",
  publisher =    "Oxford Press",
  address =      "Oxford New York",
  year =         "2004",
}

@Article{Assche:SAT:2006,
  author =       "W. {Van Assche}",
  title =        "{Pad{\'e}} and {Hermite--Pad{\'e}} Approximation and
                 Orthogonality",
  journal =      "Surv. Approx. Theory",
  volume =       "2",
  number =       "1",
  pages =        "61--91",
  year =         "2006",
}

@Article{Assche:JCAM:1991:237,
  author =       "W. {Van Assche}",
  title =        "Orthogonal polynomials, associated polynomials and
                 functions of the second kind",
  journal =      j-J-COMP-APPL-MATH,
  volume =       "37",
  number =       "1",
  pages =        "237--249",
  year =         "1991",
  CODEN =        "JCAMDI",
  ISSN =         "0377-0427 (print), 1879-1778 (electronic)",
  ISSN-L =       "0377-0427",
  fjournal =     "Journal of Computational and Applied Mathematics",
}

@Article{Evangelou:PRL:1992,
  author =       "S. N. Evangelou and E. N. Economou",
  title =        "Spectral Density Singularities, Level Statistics, and
                 Localization in a Sparse Random Matrix Ensemble",
  journal =      j-PHYS-REV-LET,
  volume =       "68",
  number =       "3",
  pages =        "361--364",
  year =         "1992",
  CODEN =        "PRLTAO",
  ISSN =         "0031-9007 (print), 1079-7114 (electronic), 1092-0145",
  ISSN-L =       "0031-9007",
  fjournal =     "Physical Review Letters",
}

@Article{Pringle:JGR:C12017,
  author =       "D. J. Pringle and J. E. Miner and H. Eicken and K. M.
                 Golden",
  title =        "Pore-space percolation in sea ice single crystals",
  journal =      "J. Geophys. Res. (Oceans)",
  volume =       "114",
  pages =        "C12017 (12pp.)",
  year =         "2009",
  DOI =          "http://dx.doi.org/10.1029/2008JC005145",
}

@Article{Pringle:EOS-2006,
  author =       "D. Pringle and J. Miner and R. Glantz and M. Hilpert
                 and H. Eicken",
  title =        "{Temperature-dependent pore space of sea ice: X-ray
                 computed-tomography and dual model network analysis}",
  journal =      "Eos, Trans. Am. Geophys. Un.",
  volume =       "87",
  pages =        "H51F-0545",
  year =         "2006",
}

@Article{Glantz:AWR:787,
  author =       "R. Glantz and M. Hilpert",
  title =        "Tight dual models of pore spaces",
  journal =      "Adv. Water Res.",
  volume =       "31",
  number =       "5",
  pages =        "787--806",
  year =         "2008",
}

@Article{Orum:PRSLA:2012,
  author =       "C. Orum and E. Cherkaev and K. M. Golden",
  title =        "Recovery of inclusion separations in strongly
                 heterogeneous composites from effective property
                 measurements",
  journal =      "Proc. Roy. Soc. London A",
  volume =       "468",
  number =       "2139",
  pages =        "784--809",
  year =         "2012",
}

@Article{Fannjiang:SIAM_JAM:333,
  author =       "A. Fannjiang and G. Papanicolaou",
  title =        "Convection Enhanced Diffusion for Periodic Flows",
  journal =      j-SIAM-J-APPL-MATH,
  volume =       "54",
  number =       "2",
  pages =        "333--408",
  year =         "1994",
  CODEN =        "SMJMAP",
  ISSN =         "0036-1399 (print), 1095-712X (electronic)",
  ISSN-L =       "0036-1399",
  fjournal =     "SIAM Journal on Applied Mathematics",
}

@Article{Fannjiang:1997:1033,
  author =       "A. Fannjiang and G. Papanicolaou",
  title =        "Convection-enhanced diffusion for random flows",
  journal =      j-J-STAT-PHYS,
  volume =       "88",
  number =       "5-6",
  pages =        "1033--1076",
  year =         "1997",
  CODEN =        "JSTPSB",
  ISSN =         "0022-4715",
  MRnumber =     "MR1478061",
  fjournal =     "Journal of Statistical Physics",
}

@Article{Jepps_etal:PRE:4757,
  author =       "O. G. Jepps and G. Ayton and D. Evans",
  title =        "Microscopic expressions for the thermodynamic
                 temperature",
  journal =      "Phys. Rev. E.",
  volume =       "62",
  number =       "4",
  pages =        "4757--4763",
  year =         "2000",
}

@Article{Tracy_Widom:CMP:151,
  author =       "C. A. Tracy and H. Widom",
  title =        "Level-Spacing Distributions and the {Airy} Kernel",
  journal =      "Commun. Math. Phys.",
  volume =       "159",
  number =       "1",
  pages =        "151--174",
  year =         "1994",
}

@Article{Tracy_Widom:PLB:115,
  author =       "C. A. Tracy and H. Widom",
  title =        "Level-Spacing Distributions and the {Airy} Kernel",
  journal =      "Phys. Lett. B",
  volume =       "305",
  number =       "1--2",
  pages =        "115--118",
  year =         "1993",
}

@Article{Campisi:2005:275,
  author =       "M. Campisi",
  title =        "On the mechanical foundations of thermodynamics: The
                 generalized {Helmholtz} theorem",
  journal =      "Stud. Hist. Philos. M. P.",
  volume =       "36",
  pages =        "275--290",
  year =         "2005",
}

@Article{Campisi:2008:181,
  author =       "M. Campisi",
  title =        "Statistical Mechanical proof of the second law of
                 thermodynamics based on volume entropy",
  journal =      "Stud. Hist. Philos. M. P.",
  volume =       "39",
  pages =        "181--194",
  year =         "2008",
}

@Article{Campisi:2010:608,
  author =       "M. Campisi and D. H. Kobe",
  title =        "Derivation of the {Boltzmann} principle",
  journal =      "Am. J. Phys.",
  volume =       "6",
  pages =        "608--615",
  year =         "2010",
}

@Article{Travis_Braga:JCP:014111,
  author =       "K. P. Travis and C. Braga",
  title =        "Configurational temperature control for atomic and
                 molecular systems",
  journal =      "J. Chem. Phys.",
  volume =       "128",
  pages =        "014111 (10pp.)",
  year =         "2008",
}

@Article{ZGW-2012,
  author =       "J. Zhu and K. M. Golden and Z. Wang",
  title =        "Convection-enhanced thermal conductivity of sea ice",
  note =         "In preparation, 2012",
}

@InProceedings{Golden:IMA-97,
  author =       "K. M. Golden",
  editor =       "G. Papanicolaou",
  booktitle =    "Wave Propagation in Complex Media, IMA Volumes in
                 Mathematics and its Applications, Vol. 96",
  title =        "The interaction of microwaves with sea ice",
  publisher =    "Springer -- Verlag",
  pages =        "75--94",
  year =         "1997",
}

@Article{Bhattacharya:AAP:1999:951,
  author =       "R. Bhattacharya",
  title =        "Multiscale Diffusion Processes with Periodic
                 Coefficients and an Application to Solute Transport in
                 Porous Media",
  journal =      "Ann. Appl. Probab.",
  volume =       "9",
  number =       "4",
  pages =        "951--1020",
  year =         "1999",
}

@Article{Pavliotis:IMAJAM:951,
  author =       "G. A. Pavliotis",
  title =        "Asymptotic analysis of the {Green}--{Kubo} formula",
  journal =      "IMA J. Appl. Math.",
  volume =       "75",
  pages =        "951--967",
  year =         "2010",
}
		  
@Article{Pavliotis:CMS:2007:507,
  author =       "G. A. Pavliotis and A. M. Stuart and K. C. Zygalakis",
  title =        "Homogenization for inertial particles in a random flow",
  journal =      "Commun. Math. Sci.",
  volume =       "5",
  number =       "3", 		  
  pages =        "507–-531",
  year =         "2007",
}		  

@PhdThesis{Pavliotis:PHD_Thesis,
  author =       "G. A. Pavliotis",
  title =        "Homogenization theory for advection-diffusion
                 equations with mean flow",
  school =       "Rensselaer Polytechnic Institute Troy, New York",
  year =         "2002",
}
		  
@PhdThesis{Murphy:PHD_Thesis,
  author =       "N. B. Murphy",
  title =        "Phase transitions in random media",
  school =       "University of Utah",
  year =         "2012",
}		  
		  

@Article{Avellaneda:PRE:3249,
  author =       "M. Avellaneda and M. Vergassola",
  title =        "Stieltjes integral representation of effective
                 diffusivities in time-dependent flows",
  journal =      "Phys. Rev. E",
  volume =       "52",
  number =       "3",
  pages =        "3249--3251",
  year =         "1995",
}

@Article{Hashin:JAP-3125,
  author =       "Z. Hashin and S. Shtrikman",
  title =        "A Variational Approach to the Theory of Effective
                 Magnetic Permeability of Multiphase Materials",
  journal =      j-JAP,
  volume =       "33",
  pages =        "3125--3131",
  year =         "1962",
}

@Article{Avellaneda:CMP-339,
  author =       "M. Avellaneda and A. Majda",
  title =        "An integral representation and bounds on the effective
                 diffusivity in passive advection by laminar and
                 turbulent flows",
  journal =      j-CMP,
  volume =       "138",
  pages =        "339--391",
  year =         "1991",
}

@Article{Avellaneda:PRL-753,
  author =       "M. Avellaneda and A. Majda",
  title =        "Stieltjes integral representation and effective
                 diffusivity bounds for turbulent transport",
  journal =      "Phys. Rev. Lett.",
  volume =       "62",
  pages =        "753--755",
  year =         "1989",
}

@Article{Fannjiang:PD:145,
  author =       "A. C. Fannjiang",
  title =        "Phase diagram for turbulent transport: sampling drift,
                 eddy diffusivity, and variational principles",
  journal =      "Physica D",
  volume =       "136",
  pages =        "145--174",
  year =         "2000",
}

@Article{Biferale:PF:2725,
  author =       "L. Biferale and A. Crisanti and M. Vergassola and A.
                 Vulpiani",
  title =        "Eddy diffusivities in scalar transport",
  journal =      "Phys. Fluids",
  volume =       "7",
  pages =        "2725--2734",
  year =         "1995",
}

@Article{McLaughlin:SIAM_JAM:780,
  author =       "D. {McLaughlin} and G. Papanicolaou and O. Pironneau",
  title =        "Convection of microstructure and related problems",
  journal =      "SIAM J. Appl. Math.",
  volume =       "45",
  pages =        "780--797",
  year =         "1985",
}

@InBook{Papanicolaou:1981:36:8,
  author =       "G. Papanicolaou and O. Pironeau",
  title =        "On the Asymptotic Behavior of Motions in Random Flows,
                 in Stochastic Nonlinear Systems in Physics, Chemistry,
                 and Biology, L. Arnold and R. Lefever, eds.",
  volume =       "8",
  publisher =    "Springer",
  address =      "Berlin Heidelberg",
  pages =        "36--41",
  year =         "1981",
}

%editor =       "Arnold, L. and Lefever, R.",

@Article{Simeonova:MMS:1113,
  author =       "L. B. Simeonova and D. C. Dobson and O. Eso and K. M.
                 Golden",
  title =        "Spatial Bounds on the Effective Complex Permittivity
                 for Time-Harmonic Waves in Random Media",
  journal =      "Multiscale Modeling and Simulation",
  volume =       "9",
  number =       "3",
  pages =        "1113--1143",
  year =         "2011",
}

@Article{Golden:JSP-655,
  author =       "K. M. Golden and G. Papanicolaou",
  title =        "Bounds for Effective Parameters of Multicomponent
                 Media by Analytic Continuation",
  journal =      j-JSP,
  volume =       "40",
  number =       "5/6",
  pages =        "655--667",
  year =         "1985",
}

@InCollection{Papanicolaou:RF-835,
  author =       "G. Papanicolaou and S. Varadhan",
  editor =       "",
  booktitle =    "Colloquia Mathematica Societatis J{\'a}nos Bolyai 27,
                 Random Fields (Esztergom, Hungary 1979)",
  title =        "Boundary value problems with rapidly oscillating
                 coefficients",
  publisher =    "North-Holland",
  pages =        "835--873",
  year =         "1982",
}

@Article{Trodahl:2001:TCS,
  author =       "H. J. Trodahl and S. O. F. Wilkinson and M. J.
                 McGuinness and T. G. Haskell",
  title =        "Thermal conductivity of sea ice; dependence on
                 temperature and depth",
  journal =      "Geophys. Res. Lett.",
  volume =       "28",
  pages =        "1279--1282",
  year =         "2001",
}

@Article{Lytle:JGR-8853,
  author =       "V. I. Lytle and S. F. Ackley",
  title =        "Heat flux through sea ice in the {Western} {Weddell}
                 {Sea}: {Convective} and conductive transfer processes",
  journal =      "J. Geophys. Res.",
  volume =       "101",
  number =       "C4",
  pages =        "8853--8868",
  year =         "1996",
}

@Article{Chaigneau:JGR:C11025,
  author =       "A. Chaigneau and M. Le Texier and G. Eldin and C.
                 Grados and O. Pizarro",
  title =        "Vertical structure of mesoscale eddies in the eastern
                 {South} {Pacific} {Ocean}: A composite analysis from
                 altimetry and {Argo} profiling floats",
  journal =      "J. Geophys. Res.",
  volume =       "116",
  pages =        "C11025 (16pp.)",
  year =         "2011",
}

@Article{Ferrari:JPO:1501,
  author =       "R. Ferrari and M. Nikurashin",
  title =        "Suppression of Eddy Diffusivity across Jets in the
                 {Southern} {Ocean}",
  journal =      "J. Phys. Oceanogr.",
  volume =       "40",
  pages =        "1501--1519",
  year =         "2010",
}

@Article{Ferrari:ARFM:253,
  author =       "R. Ferrari and C. Wunsch",
  title =        "Ocean Circulation Kinetic Energy: Reservoirs, Sources
                 and Sinks",
  journal =      "Annu. Rev. Fluid Mech.",
  volume =       "41",
  pages =        "253--282",
  year =         "2009",
}

@Article{Moffatt:RPP:621,
  author =       "H. K. Moffatt",
  title =        "Transport effects associated with turbulence with
                 particular attention to the influence of helicity",
  journal =      "Rep. Prog. Phys.",
  volume =       "46",
  number =       "5",
  pages =        "621--664",
  year =         "1983",
}

@Article{Taylor:PRSL:196,
  author =       "G. I. Taylor",
  title =        "Diffusion by continuous movements",
  journal =      "Proc. London Math. Soc.",
  volume =       "2",
  pages =        "196--211",
  year =         "1921",
}

@Article{Eicken:JGR-C08007,
  author =       "H. Eicken and T. C. Grenfell and D. K. Perovich and J.
                 A. Richter-Menge and K. Frey",
  title =        "{Hydraulic controls of summer Arctic pack ice
                 albedo}",
  journal =      "J. Geophys. Res. (Oceans)",
  volume =       "109",
  number =       "C18",
  pages =        "C08007 (12pp.)",
  year =         "2004",
  DOI =          "http://dx.doi.org/10.1029/2003JC001989",
}

@Article{Arcone:JGR-14281,
  author =       "S. A. Arcone and A. J Gow and S. McGrew",
  title =        "Structure and Dielectric Properties at 4.8 and 9.5
                 {GHz} of Saline Ice",
  journal =      "J. Geophys. Res.",
  volume =       "91",
  number =       "C12",
  pages =        "14281--14303",
  year =         "1986",
}

@Article{Perovich:AG:445,
  author =       "D. K. Perovich and W. B. Tucker",
  title =        "Artic sea-ice conditions and the distribution of solar
                 radiation during summer",
  journal =      "Ann. Glaciol.",
  volume =       "25",
  pages =        "445--450",
  year =         "1997",
}

@Unpublished{Golden:2012,
  author =       "K. M. Golden and H. Eicken and A. Gully and M. Ingham
                 and K. A. Jones and J. Lin and J. Reid and C. Sampson
                 and A. P. Worby",
  title =        "Electrical signature of brine percolation in sea ice",
  year =         "2012",
  note =         "Submitted.",
}

@Article{Marshall:JPO:1806,
  author =       "J. Marshall and E. Shuckburgh and H. Jones and C.
                 Hill",
  title =        "Estimates and Implications of Surface Eddy Diffusivity
                 in the {Southern} {Ocean} Derived from Tracer
                 Transport",
  journal =      "J. Phys. Oceanogr.",
  volume =       "36",
  pages =        "1806--1821",
  year =         "2006",
}

@Article{Barabash:JPCM:10323,
  author =       "S. Barabash and D. Stroud",
  title =        "Spectral representation for the effective macroscopic
                 response of a polycrystal: application to third-order
                 non-linear susceptibility",
  journal =      j-J-PHYS-CONDENS-MATTER,
  volume =       "11",
  pages =        "10323--10334",
  year =         "1999",
}

@Article{Canali:PRE:R5185,
  author =       "C. M. Canali and V. E. Kravtsov",
  title =        "Normalization sum rule and spontaneous breaking of U(
                 \textit{N} ) invariance in random matrix ensembles",
  journal =      "Phys. Rev. E",
  volume =       "51",
  publisher =    "American Physical Society",
  pages =        "R5185--R5188",
  month =        jun,
  year =         "1995",
  DOI =          "http://dx.doi.org/10.1103/PhysRevE.51.R5185",
  URL =          "http://link.aps.org/doi/10.1103/PhysRevE.51.R5185",
  issue =        "6",
}

@Article{Canali:PRB:2831,
  author =       "C. M. Canali and Mats Wallin and V. E. Kravtsov",
  title =        "Nonuniversality in random-matrix ensembles with soft
                 level confinement",
  journal =      "Phys. Rev. B",
  volume =       "51",
  publisher =    "American Physical Society",
  pages =        "2831--2834",
  month =        feb,
  year =         "1995",
  DOI =          "http://dx.doi.org/10.1103/PhysRevB.51.2831",
  URL =          "http://link.aps.org/doi/10.1103/PhysRevB.51.2831",
  issue =        "5",
}

@Unpublished{Gully_Golden_Polycrystalline,
  author =       "A. Gully and J. Lin and E. Cherkaev and K. M. Golden",
  title =        "Bounds on the Complex Permittivity of
                  Polycrystalline Materials by Analytic Continuation",
  year =         "2014",
  note =         "Submitted",
}

@Book{Riesz-1955,
  author =       "F. Riesz and B. SZ.-Nagy",
  title =        "Functional Analysis",
  publisher =    "Frederick Ungar Publishing Co.",
  address =      "New York",
  year =         "1955",
}

@Book{Keener-2000,
  author =       "J. P. Keener",
  title =        "Principles of applied mathematics: transformation and
                 approximation",
  publisher =    "Westview Press",
  address =      "Cambridge, MA",
  year =         "2000",
}

@Book{Halmos-1958,
  author =       "P. R. Halmos",
  title =        "Finite Dimensional Vector Spaces",
  publisher =    "Van Nostrand--Reinhold",
  address =      "Princeton, NJ",
  year =         "1958",
}

@Book{Demmel:1997,
  author =       "James W. Demmel",
  title =        "Applied Numerical Linear Algebra",
  publisher =    "SIAM",
  year =         "1997",
}

@Book{Horn_Johnson-1990,
  author =       "R. A. Horn and C. R. Johnson",
  title =        "{Matrix Analysis}",
  publisher =    "Cambridge University Press",
  year =         "1990",
  ISBN =         "0-521-38632-2",
  ISBN-13 =      "978-0-521-38632-6",
}

@Article{Barbotteau:PMB:3611,
  author =       "Y. Barbotteau and J. L. Irigaray and J. F. Mathiot",
  title =        "Modelling by percolation theory of the behaviour of
                 natural coral used as bone substitute",
  journal =      "Phys. Med. Biol.",
  volume =       "48",
  number =       "21",
  pages =        "3611--3623",
  year =         "2003",
}

@Article{Hohenegger:TC-2012,
  author =       "C. Hohenegger and B. Alali and K. R. Steffen and D. K.
                 Perovich and K. M. Golden",
  title =        "Transition in the fractal geometry of {Arctic} melt
                 ponds",
  journal =      "The Cryosphere",
  volume =       "6",
  number =       "5",
  pages =        "1157--1162",
  year =         "2012",
  DOI =          "http://dx.doi.org/10.5194/tc-6-1157-2012",
  URL =          "http://www.the-cryosphere.net/6/1157/2012/",
}

@Article{Powell:JGR-18327,
  author =       "D. C. Powell and T. Markus",
  title =        "Effects of snow depth forcing on {Southern Ocean} sea
                 ice simulations",
  journal =      "J. Geophys. Res. C (Oceans)",
  volume =       "110",
  pages =        "C06001",
  year =         "2005",
}

@Article{Prodanovic:AWR:214,
  author =       "M. Prodanovic and W. B. Lindquist and R. S. Seright",
  title =        "3D image-based characterization of fluid displacement
                 in a Berea core",
  journal =      "Adv. Water Res.",
  volume =       "30",
  number =       "2",
  pages =        "214--226",
  year =         "2007",
}

@Article{Golden:JGR-13699,
  author =       "K. M. Golden",
  title =        "Bounds on the complex permittivity of sea ice",
  journal =      "J. Geophys. Res. (Oceans)",
  volume =       "100",
  number =       "C7",
  pages =        "13,699--13,711",
  year =         "1995",
}

@Article{Golden:JBM:337,
  author =       "K. M. Golden and N. B. Murphy and E. Cherkaev",
  title =        "Spectral analysis and connectivity of porous
                 microstructures in bone",
  journal =      j-BIOMECH,
  volume =       "44",
  number =       "2",
  pages =        "337--344",
  year =         "2011",
}

@Article{Ou:2012:411,
  author =       "M. Y. Ou",
  title =        "{Two-parameter integral representation formula for the
                 effective elastic moduli of two-phase composites.}",
  journal =      "Complex Var. Elliptic Equ.",
  volume =       "57",
  number =       "2-4",
  pages =        "411--424",
  year =         "2012",
}

@Article{Ou:MMAS:655,
  author =       "M. J. Ou and E. Cherkaev",
  title =        "On the integral representation formula for a
                 two-component elastic composite",
  journal =      "Mathematical Methods in the Applied Sciences",
  volume =       "29",
  pages =        "655--644",
  year =         "2006",
}

@Article{Perovich:JGR:C00A04,
  author =       "D. K. Perovich and T. C. Grenfell and B. Light and B.
                 C. Elder and J. Harbeck and C. Polashenski and W. B.
                 Tucker III and C. Stelmach",
  title =        "Transpolar observations of the morphological
                 properties of {Arctic} sea ice",
  journal =      "J. Geophys. Res.",
  volume =       "114",
  pages =        "C00A04 (17pp.)",
  year =         "2009",
}

@Article{Golden:MM:801,
  author =       "K. M. Golden and A. L. Heaton and H. Eicken and V. I.
                 Lytle",
  title =        "Void bounds for fluid transport in sea ice",
  journal =      "Mech. Mater.",
  volume =       "38",
  pages =        "801--817",
  year =         "2006",
}

@Book{Weeks:book:1982,
  author =       "W. F. Weeks and S. F. Ackley and COLD REGIONS RESEARCH
                 AND ENGINEERING LAB HANOVER NH. and Cold Regions
                 Research and Engineering Laboratory (U. S.)",
  title =        "The Growth, Structure, and Properties of Sea Ice",
  publisher =    "U. S. Army Cold Regions Research and Engineering
                 Laboratory",
  year =         "1982",
  series =       "CRREL Monograph",
  URL =          "http://books.google.com/books?id=UB-3MQEACAAJ",
}

@Article{MacAyeal_et_al:JOG:164,
  author =       "D. R. MacAyeal and T. A. Scambos and C. L. Hulbe and
                 M. A. Fahnestock",
  title =        "Catastrophic ice-shelf break-up by an
                 ice-shelf-fragment-capsize mechanism",
  journal =      j-Glaciol,
  volume =       "49",
  number =       "164",
  pages =        "22--36",
  year =         "2003",
  DOI =          "doi:10.3189/172756503781830863",
}

@Book{Akhiezer:Book:1965,
  author =       "N. I. Akhiezer",
  title =        "The Classical Moment Problem",
  publisher =    "Oliver \& Boyd",
  year =         "1965",
  URL =          "http://books.google.com/books?id=8-9emQEACAAJ",
}

@Article{Keller:1964:TCC,
  author =       "J. B. Keller",
  title =        "A theorem on the conductivity of a composite medium",
  journal =      j-J-MATH-PHYS,
  volume =       "5",
  pages =        "548--549",
  year =         "1964",
  CODEN =        "JMAPAQ",
  ISSN =         "0022-2488",
}

@Article{Schulgasser:1976:CFR,
  author =       "K. Schulgasser",
  title =        "On the conductivity of fiber reinforced materials",
  journal =      j-J-MATH-PHYS,
  volume =       "17",
  number =       "3",
  pages =        "382--387",
  month =        mar,
  year =         "1976",
  CODEN =        "JMAPAQ",
  DOI =          "http://dx.doi.org/10.1063/1.522904",
  ISSN =         "0022-2488 (print), 1089-7658 (electronic), 1527-2427",
  ISSN-L =       "0022-2488",
}

@Book{Karlin_Studden:Book:1966,
  author =       "S. Karlin and W. J. Studden",
  title =        "Tchebycheff systems: with applications in analysis and
                 statistics",
  publisher =    "John Wiley \& Sons, Inc.",
  address =      "Hoboken, NJ",
  year =         "1966",
}

@InCollection{Cherkaev:2004:331,
  author =       "E. Cherkaev",
  editor =       "A. B. Movchan",
  booktitle =    "IUTAM Symposium on Asymptotics, Singularities and
                 Homogenisation in Problems of Mechanics",
  title =        "Spectral Coupling of Effective Properties of a Random
                 Mixture",
  volume =       "113",
  publisher =    "Springer Netherlands",
  pages =        "331--340",
  year =         "2004",
  DOI =          "http://dx.doi.org/10.1007/1-4020-2604-8_32",
  ISBN =         "97-81402-017-8-0-3",
  ISBN-13 =      "978-1-4020-1780-3",
  series =       "Solid Mechanics and Its Applications",
}

@Article{Cherkaev:PBCM:0921,
  author =       "E. Cherkaev and D. Zhang",
  title =        "Coupling of the effective properties of a random
                 mixture through the reconstructed spectral
                 representation",
  journal =      "Physica B: Condensed Matter",
  volume =       "338",
  number =       "1–-4",
  pages =        "16--23",
  year =         "2003",
  DOI =          "http://dx.doi.org/10.1016/S0921-4526(03)00452-6",
  ISSN =         "0921-4526",
}

@Article{Helsing:NJP:115005,
  author =       "J. Helsing and R. C. McPhedran and G. W. Milton",
  title =        "Spectral super-resolution in metamaterial composites",
  journal =      j-NJ-PHYS,
  volume =       "13",
  pages =        "115005 (17pp.)",
  year =         "2011",
  DOI =          "http://dx.doi.org/10.1088/1367-2630/13/11/115005",
}

@Article{Helsing:JCP:1171,
  author =       "J. Helsing",
  title =        "The effective conductivity of random checkerboards",
  journal =      j-J-COMPUT-PHYS,
  volume =       "230",
  number =       "4",
  pages =        "1171--1181",
  year =         "2011",
  DOI =          "http://dx.doi.org/10.1016/j.jcp.2010.10.033",
  ISSN =         "0021-9991",
}

@Article{Helsing:JCP:7533,
  author =       "J. Helsing",
  title =        "The effective conductivity of arrays of squares: Large
                 random unit cells and extreme contrast ratios.",
  journal =      j-J-COMPUT-PHYS,
  volume =       "230",
  number =       "20",
  pages =        "7533--7547",
  year =         "2011",
}

@Article{Helsing:2008:8820,
  author =       "J. Helsing and R. Ojala",
  title =        "Corner singularities for elliptic problems: Integral
                 equations, graded meshes, quadrature, and compressed
                 inverse preconditioning",
  journal =      j-J-COMPUT-PHYS,
  volume =       "227",
  number =       "20",
  pages =        "8820--8840",
  year =         "2008",
  DOI =          "http://dx.doi.org/10.1016/j.jcp.2008.06.022",
  ISSN =         "0021-9991",
}

@Article{Greengard:1994:379,
  author =       "L. Greengard and M. Moura",
  title =        "On the numerical evaluation of electrostatic fields in
                 composite materials",
  journal =      "Acta Numerica",
  volume =       "3",
  pages =        "379--410",
  month =        "1",
  year =         "1994",
  DOI =          "http://dx.doi.org/10.1017/S0962492900002464",
  ISSN =         "1474-0508",
  numpages =     "32",
}

@Article{Cheng:1997:629,
  author =       "H. Cheng and L. Greengard",
  title =        "On the Numerical Evaluation of Electrostatic Fields in
                 Dense Random Dispersions of Cylinders",
  journal =      j-J-COMPUT-PHYS,
  volume =       "136",
  number =       "2",
  pages =        "629--639",
  year =         "1997",
  DOI =          "http://dx.doi.org/10.1006/jcph.1997.5787",
  ISSN =         "0021-9991",
  URL =          "http://www.sciencedirect.com/science/article/pii/S0021999197957879",
}

@Article{Greengard:2006:64,
  author =       "L. Greengard and J.-Y. Lee",
  title =        "Electrostatics and heat conduction in high contrast
                 composite materials",
  journal =      j-J-COMPUT-PHYS,
  volume =       "211",
  number =       "1",
  pages =        "64--76",
  year =         "2006",
  DOI =          "http://dx.doi.org/10.1016/j.jcp.2005.05.004",
  ISSN =         "0021-9991",
  URL =          "http://www.sciencedirect.com/science/article/pii/S0021999105002615",
}

@Article{McPhedran:APA:19,
  author =       "R. C. McPhedran and D. R. McKenzie and G. W. Milton",
  title =        "Extraction of structural information from measured
                 transport properties of composites",
  journal =      "Appl. Phys. A",
  volume =       "29",
  number =       "1",
  pages =        "19--27",
  year =         "1982",
}

@Article{Mcphedran:MRSP:1990:195,
  author =       "R. C. Mcphedran and G. W. Milton",
  title =        "Inverse Transport Problems for Composite Media",
  journal =      "MRS Proceedings",
  volume =       "195",
  month =        "1",
  year =         "1990",
  DOI =          "http://dx.doi.org/10.1557/PROC-195-257",
  ISSN =         "null",
  URL =          "http://journals.cambridge.org/article_S1946427400554219",
}

@Article{Isichenko:JNS:1991:375,
  author =       "M. B. Isichenko and J. Kalda",
  title =        "Statistical topography II. 2D transport of passive
                 scalar",
  journal =      j-NONLIN-SCI,
  volume =       "4",
  pages =        "375--397",
  year =         "1991",
  ISSN =         "0938-8974",
}

@Article{Bhatia:IEE:1077,
  author =       "H. Bhatia and G. Norgard and V. Pascucci and Peer-Timo
                 Bremer",
  title =        "The Helmholtz-Hodge Decomposition-A Survey",
  journal =      "IEEE T. Vis. Comput. Gr.",
  volume =       "19",
  number =       "8",
  publisher =    "IEEE Computer Society",
  address =      "Los Alamitos, CA, USA",
  pages =        "1386--1404",
  year =         "2013",
  DOI =          "http://doi.ieeecomputersociety.org/10.1109/TVCG.2012.316",
  ISSN =         "1077-2626",
}

@Article{Denaro:2003:0271,
  author =       "F. M-Denaro",
  title =        "On the application of the {Helmholtz-Hodge}
                 decomposition in projection methods for incompressible
                 flows with general boundary conditions",
  journal =      "Int. J. Numer. Meth. Fl.",
  volume =       "43",
  number =       "1",
  pages =        "43--69",
  year =         "2003",
  DOI =          "http://dx.doi.org/10.1002/fld.598",
  ISSN =         "0271-2091",
  URL =          "http://dx.doi.org/10.1002/fld.598",
}

@Book{Bensoussan:Book:1978,
  author =       "A. Bensoussan and J.-L. Lions and G. Papanicolaou",
  title =        "Asymptotic Analysis for Periodic Structures",
  publisher =    "North-Holland",
  address =      "Amsterdam",
  year =         "1978",
  added-at =     "2010-10-02T18:22:22.000+0200",
  biburl =       "http://www.bibsonomy.org/bibtex/292c51e90e943c62b9475a3c55018b163/brouder",
  interhash =    "4d031088d33ed26cd1db9b34dd57b20b",
  intrahash =    "92c51e90e943c62b9475a3c55018b163",
  keywords =     "imported",
  timestamp =    "2010-10-02T18:22:22.000+0200",
}

@Book{Friedman:1969:PDE,
  author =       "A. Friedman",
  title =        "Partial Differential Equations",
  publisher =    "Holt, Rinehart and Winston",
  year =         "1969",
  ISBN =         "9780-03-07745-5-3",
  ISBN-13 =      "978-0-03-077455-3",
  LCCN =         "69019015",
  URL =          "http://books.google.com/books?id=m5OEQgAACAAJ",
}

@Book{Friedman:1969:PDE:Parabolic,
  author =       "A. Friedman",
  title =        "Partial Differential Equations of Parabolic Type",
  publisher =    "DOVER PUBN Incorporated",
  year =         "2008",
  ISBN =         "9780-486-4662-5-5",
  ISBN-13 =      "978-0-486-46625-5",
  LCCN =         "2007048512",
  series =       "Dover Books on Mathematics Series",
  URL =          "http://books.google.com/books?id=6OdUAAAAYAAJ",
}

@Book{McOwen:2003:PDE,
  author =       "R. C. McOwen",
  title =        "Partial differential equations: methods and
                 applications",
  publisher =    "Prentice Hall PTR",
  year =         "2003",
  ISBN =         "9780-13-00933-5-6",
  ISBN-13 =      "978-0-13-009335-6",
  LCCN =         "2002032251",
  URL =          "http://books.google.com/books?id=p8AZAQAAIAAJ",
}

@Book{Stakgold:BVP:2000,
  author =       "I. Stakgold",
  title =        "Boundary Value Problems of Mathematical Physics:
                 2-Volume Set",
  publisher =    "SIAM",
  year =         "2000",
  ISBN =         "9780-89871-45-6-2",
  ISBN-13 =      "978-0-89871-456-2",
  series =       "Classics in Applied Mathematics",
  URL =          "http://books.google.com/books?id=OdsK7R2PO18C",
}

@Book{Royden:1988:RA,
  author =       "H. L. Royden",
  title =        "Real Analysis 3Rd Ed.",
  publisher =    "Prentice-Hall Of India Pvt. Limited",
  year =         "1988",
  ISBN =         "9788-12-03097-3-9",
  ISBN-13 =      "978-81-203-0973-9",
  URL =          "http://books.google.com/books?id=KBCfPwAACAAJ",
}

@Book{Khoshnevisan:2007:Prob,
  author =       "D. Khoshnevisan",
  title =        "Probability",
  publisher =    "American Mathematical Society",
  year =         "2007",
  ISBN =         "9780-8218-840-1-0",
  ISBN-13 =      "978-0-8218-8401-0",
  LCCN =         "2006052603",
  series =       "Graduate studies in mathematics",
  URL =          "http://books.google.com/books?id=KDj49iyN6GcC",
}
@Article{Kabel:B:1999,
  author =       "J. Kabel and A. Odgaard and B. van Rietbergen and R. Huiskes",
  title =        "Connectivity and the elastic properties of cancellous bone",
  journal =      "Bone",
  year =         "1999",
  volume =       "24",
  number =       "2",
  pages =        "115-120",
  OPTmonth =     "",
  OPTnote =      ""
}
		  
		  
@article{Stieltjes:1995,
author = {Stieltjes, T.-J.},
journal = {Annales de la facult\'{e} des sciences de Toulouse},
keywords = {continued fractions},
language = {fre},
number = {1},
pages = {J1--J35},
publisher = {Universit\'{e} Paul Sabatier},
title = {Recherches sur les fractions continues},
url = {http://eudml.org/doc/73348},
volume = {4},
year = {1995},
}		  
		  
		  
@book{Trefethen:1997:NLA,
  title={Numerical Linear Algebra},
  author={Trefethen, L.N. and Bau, D.},
  isbn={9780898713619},
  lccn={96052458},
  url={http://books.google.com/books?id=bj-Lu6zjWbEC},
  year={1997},
  publisher={Society for Industrial and Applied Mathematics}
}		  
		  
@article{Kriecherbauer:PNAS:11092001,
author = {T. Kriecherbauer and J. Marklof and A. Soshnikov}, 
title = {Random matrices and quantum chaos},
volume = {98}, 
number = {19}, 
pages = {10531--10532}, 
year = {2001}, 
doi = {10.1073/pnas.191366198}, 
URL = {http://www.pnas.org/content/98/19/10531.abstract}, 
eprint = {http://www.pnas.org/content/98/19/10531.full.pdf+html}, 
journal = {Proceedings of the National Academy of Sciences} 
}	
		  
@article{Bohigas:PRL:52_101103,
  title = {Characterization of Chaotic Quantum Spectra and Universality of Level Fluctuation Laws},
  author = {Bohigas, O. and Giannoni, M. J. and Schmit, C.},
  journal = {Phys. Rev. Lett.},
  volume = {52},
  issue = {1},
  pages = {1--4},
  numpages = {0},
  year = {1984},
  month = {Jan},
  publisher = {American Physical Society},
  doi = {10.1103/PhysRevLett.52.1},
  url = {http://link.aps.org/doi/10.1103/PhysRevLett.52.1}
}
		  
		  
@article{Grosche:237017,
      author        = "Grosche, C.",
      title         = "{Energy-level statistics of an integrable billiard system
                       in a rectangle in the hyperbolic plane}",
      journal       = "J. Phys. A: Math. Gen.",
      number        = "SISSA-92-34. SISSA-92-34-FM",
      volume        = "25",
      pages         = "4573--4594",      
      year          = "1992",
}		  
		  
	  
@book{Grosche:book:DESY1992,
  title={Energy level statistics of an integrable billiard system in a
  rectangle in the hyperbolic plane}, 
  author={Grosche, C.},
  url={http://books.google.com/books?id=jbo8cgAACAAJ},
  year={1992},
  publisher={DESY}
}		  
		  
@article{Seligman:PRL:53.215,
  title = {Quantum Spectra and Transition from Regular to Chaotic Classical Motion},
  author = {Seligman, T. H. and Verbaarschot, J. J. M. and Zirnbauer, M. R.},
  journal = {Phys. Rev. Lett.},
  volume = {53},
  issue = {3},
  pages = {215--217},
  numpages = {0},
  year = {1984},
  month = {Jul},
  publisher = {American Physical Society},
  doi = {10.1103/PhysRevLett.53.215},
  url = {http://link.aps.org/doi/10.1103/PhysRevLett.53.215}
}
		  
		  
@article{Mirlin:PRE:54.3221,
  title = {Transition from localized to extended eigenstates in the
  ensemble of power-law random banded matrices}, 
  author = {Mirlin, A. D. and Fyodorov, Y. V. and Dittes,
  F.-M. and Quezada, J. and Seligman, T. H.}, 
  journal = {Phys. Rev. E},
  volume = {54},
  issue = {4},
  pages = {3221--3230},
  year = {1996},
  month = {Oct},
  publisher = {American Physical Society},
  doi = {10.1103/PhysRevE.54.3221},
  url = {http://link.aps.org/doi/10.1103/PhysRevE.54.3221}
}
		  
@article{Seligman:JPA:1985:2751,
  title = {Spectral fluctuation properties of Hamiltonian systems: the
transition region between order and chaos}, 
  author = {T. H. Seligman and J. J. M. Verbaarschot and M. R. Zirnbauer}, 
  journal = {J. Phys. A: Math. Gen.},
  volume = {18},
  pages = {2751--2770},
  year = {1985},
}		  

		  
@article{AmbegaokarPRB:4.2612,
  title = {Hopping Conductivity in Disordered Systems},
  author = {Ambegaokar, V. and Halperin, B. I. and Langer, J. S.},
  journal = {Phys. Rev. B},
  volume = {4},
  issue = {8},
  pages = {2612--2620},
  numpages = {0},
  year = {1971},
  month = {Oct},
  publisher = {American Physical Society},
  doi = {10.1103/PhysRevB.4.2612},
  url = {http://link.aps.org/doi/10.1103/PhysRevB.4.2612}
}

@article{Souza:OS:317,
    author = {J. M. A. C. Souza and C. de Boyer Mont\'{e}gut and
    P. Y. Le Traon},    
    journal = {Ocean Sci. Discuss.},     
    title = {Comparison between three implementations of automatic
    identification algorithms for the quantification and
    characterization of mesoscale eddies in the {South} {Atlantic} {Ocean}}, 
    volume = {8},
    year = {2011},
    pages = {483--31},  	  
}		  
		  
@article{McCann08042001,
author = {McCann, R.C. and Hazlett, R.D. and Babu, D.K.}, 
title = {Highly accurate approximations of {Green's} and {Neumann}
         functions on rectangular domains}, 
volume = {457}, 
number = {2008},  
pages = {767--772}, 
year = {2001}, 
doi = {10.1098/rspa.2000.0690}, 
journal = {P. Roy. Soc. Lond. A Mat.}, 
}	
		  
@article{Melnikov2006774,
title = "Computability of series representations for {Green's} functions in a rectangle ",
journal = "Eng. Anal. Bound. Elem.",
volume = "30",
number = "9",
pages = "774--780",
year = "2006",
note = "",
issn = "0955-7997",
doi = "http://dx.doi.org/10.1016/j.enganabound.2006.03.010",
url = "http://www.sciencedirect.com/science/article/pii/S0955799706000683",
author = "Y.A. Melnikov and M.Y. Melnikov",
}
		  
		  
@article{Watanabe:2009JPO4010,
title = "Pacific water transport in the western {Arctic Ocean}
         simulated by an eddy-resolving coupled sea ice–ocean model",
journal = "J. Phys. Oceanogr.",
volume = "39",
number = "9",
pages = "2194--2211",
year = "2009",
doi = "http://dx.doi.org/10.1175/2009JPO4010.1",
author = "Watanabe, E. and Hasumi, H.",
}		  
		  
		  
@article{Knobloch:1992ApJ,
author = {{Knobloch}, E. and {Merryfield}, W.~J.},
title = {Enhancement of diffusive transport in oscillatory flows},
  journal = {Astrophys. J.},
      year = {1992},  
   volume = {401},
    pages = {196--205},
      doi = {10.1086/172052},   
}

		  
		  
@article{Press:1981:ApJ,
   author = "{Press}, W.~H. and {Rybicki}, G.~B.",
    title = "Enhancement of Passive Diffusion and Suppression of Heat
             Flux in a Fluid with Time Varying Shear", 
  journal = "Astrophys. J.",
     year = "1981",    
   volume = "248",
    pages = "751--766",
      doi = "10.1086/159199",   
}

@article{canut98,
  adsurl   = {http://adsabs.harvard.edu/abs/1998AnRFM..30..167C},
  author   = {Canuto, V. M. and Christensen-Dalsgaard, J.},
  doi      = {10.1146/annurev.fluid.30.1.167},
  journal  = {Annu. Rev. Fluid Mech.},
  keywords = {no keywords},
  pages    = {167--198},
  title    = {Turbulence in Astrophysics: Stars},
  volume   = {30},
  year     = {1998}
}		  
		  
@article{canut98b,
  adsurl   = {http://adsabs.harvard.edu/abs/1998ApJ...493..834C},
  author   = {Canuto, V. M. and Dubovikov, M.},
  doi      = {10.1086/305141},
  journal  = {Astrophys. J.},
  keywords = {no keywords},
  pages    = {834--847},
  title    = {Stellar Turbulent Convection. I. Theory},
  volume   = {493},
  year     = {1998}
}
@article{canut00,
  adsurl   = {http://adsabs.harvard.edu/abs/2000ApJ...541L..79C},
  author   = {Canuto, V. M.},
  doi      = {10.1086/312895},
  journal  = {Astrophys. J. Lett.},
  keywords = {no keywords},
  pages    = {L79--L82},
  title    = {The Physics of Subgrid Scales in Numerical Simulations of Stellar Convection: Are They Dissipative, Advective, or Diffusive?},
  volume   = {541},
  year     = {2000}
}
		  
@article{Aslanyan:BF00790149,
year={1994},
issn={0010-5082},
journal={Combust., Expl., Shock Waves},
volume={30},
number={4},
doi={10.1007/BF00790149},
title={Simulation of pulverized coal combustion in a turbulent flow},
url={http://dx.doi.org/10.1007/BF00790149},
publisher={Kluwer Academic Publishers-Plenum Publishers},
author={Aslanyan, G.S. and Maikov, I.L. and Filimonova, I.Z.},
pages={448--453},
}		  
		  
@article{Bilger:05:10.1016,
    author = {Bilger, R. W. and Pope, S. B. and Bray, K. N. C. and
    Driscoll, J. F.}, 
    doi = {10.1016/j.proci.2004.08.273},
    journal = {Proc. Combust. Inst.},
    pages = {21--42},    
    priority = {2},
    title = {{Paradigms in turbulent combustion research}},
    url = {http://dx.doi.org/10.1016/j.proci.2004.08.273},
    volume = {30},
    year = {2005}
}
		  
		  
@incollection{Tabaczynski:10.1007,
year={1990},
isbn={978-94-010-6822-2},
booktitle={Internal Combustion Engineering: Science \& Technology},
editor={Weaving, J. H.},
doi={10.1007/978-94-009-0749-2_8},
title={Turbulent Flows in Reciprocating Internal Combustion Engines},
url={http://dx.doi.org/10.1007/978-94-009-0749-2_8},
publisher={Springer Netherlands},
author={Tabaczynski, R. J.},
pages={243--285},
language={English},
}
		  
@book{Csanady:1973:9789027702609,
  title={Turbulent Diffusion in the Environment},
  author={Csanady, G. T.},
  isbn={9789027702609},
  lccn={72092527},
  series={Geophysics and astrophysics monographs},
  url={http://books.google.com/books?id=jtOwFLd08nkC},
  year={1973},
  publisher={D. Reidel Publishing Company}
}		  
		  
@incollection{Griffies:2003:10.1007,
year={2003},
isbn={978-3-642-07856-9},
booktitle={Global Climate},
editor={Rod\'{o}, X. and Com\'{i}n, F. A.},
doi={10.1007/978-3-662-05285-3_5},
title={An Introduction to {Ocean} Climate Modeling},
url={http://dx.doi.org/10.1007/978-3-662-05285-3_5},
publisher={Springer Berlin Heidelberg},
author={Griffies, S. M.},
pages={55--79},
language={English}
}		 		  				  
		  
@ARTICLE{Griffies:JPO:1998,
    author = {S. M. Griffies},
    title = {The {Gent–McWilliams} skew flux},
    journal = {J. Phys. Oceanogr},
    volume = {28},
    issue = {5},
    year = {1998},
    pages = {831--841}
}		  		  
		  
@book{Washington:1986:9780935702521,
  title={An Introduction to Three-dimensional Climate Modeling},
  author={Washington, W. M. and Parkinson, C. L.},
  isbn={9780935702521},
  lccn={86050345},
  url={http://books.google.com/books?id=8C5RAAAAMAAJ},
  year={1986},
  publisher={University Science Books},
}	
		  
@book{Neelin:2010:CCCM,
  title={Climate Change and Climate Modeling},
  author={Neelin, J.D.},
  isbn={9781139491372},
  url={http://books.google.com/books?id=FkuxEHncqHwC},
  year={2010},
  publisher={Cambridge University Press}
}	
		  
		 	  
		  
@article{Bilger:10.1175,
    author = {Csanady, G. T.},     
    journal = {J. Atmos. Sci.},
    pages = {201–-208},        
    title = {Turbulent Diffusion of Heavy Particles in the
             Atmosphere},
    doi= {10.1175/1520-0469(1963)020<0201:TDOHPI>2.0.CO;2},		  
    volume = {20},
    number ={3},		  
    year = {1963},
}		  
		  
  
		  
@book{Beychok:1994:9780964458802,
  title={Fundamentals of Stack Gas Dispersion: Guide},
  author={Beychok, M.R.},
  isbn={9780964458802},
  lccn={97204328},
  url={http://books.google.com/books?id=7g05\_44OOPAC},
  year={1994},
  publisher={The Author},		  
}		  
		  
@article {Zappa:2007:67613,
title = {Environmental turbulent mixing controls on air-water gas
         exchange in marine and aquatic systems},  
journal = {Geophys. Res. Lett.},
volume = {34},
year = {2007},
keywords = {carbon dioxide, estuaries, gas transfer, oxygen,
	PIE, PIE LTER, rivers}, 
doi = {10.1029/2006GL028790},
author = {Zappa, C.J. and McGillis, W.R. and Raymond, P.A. and
          Edson, J. B. and Hintsa, E. J. and Zemmelink, H. J. and Dacey,
	  J. W. H. and Ho, D. T.} 
}		  
		  
@incollection{Banerjee:10.1007,
year={2007},
isbn={978-3-540-36904-2},
booktitle={Transport at the Air-Sea Interface},
series={Environmental Science and Engineering},
editor={Garbe, C. S. and Handler, R. A. and J\:{a}hne, B.},
doi={10.1007/978-3-540-36906-6_6},
title={The Air-Water Interface: Turbulence and Scalar Exchange},
url={http://dx.doi.org/10.1007/978-3-540-36906-6_6},
publisher={Springer Berlin Heidelberg},
author={Banerjee, S.},
pages={87--101},
language={English},
}  
		  
		  
@incollection{Samson:1988:88009978,
year={1988},
booktitle={Air Pollution, the Automobile, and Public Health},
title={Atmospheric Transport and Dispersion of Air Pollutants Associated with Vehicular Emissions},
publisher={National Academy Press (US)},
author={Samson, P. J.},
pages={77--97},
editor={Watson, A. Y. and Bates, R. R. and Kennedy, D.},		  
language={English},
url={http://books.google.com/books?id=vEIrAAAAYAAJ},	
lccn={88009978},		  
}	
		  
@article {Espinosa:MET1292,
author = {Espinosa, F. and Avila, R. and Raza, S. S. and Basit, A. and Cervantes, J. G.},
title = {Turbulent dispersion of a gas tracer in a nocturnal atmospheric flow},
journal = {Met. Apps},
volume = {20},
number = {3},
publisher = {John Wiley & Sons, Ltd},
issn = {1469-8080},
url = {http://dx.doi.org/10.1002/met.1292},
doi = {10.1002/met.1292},
pages = {338--348},
year = {2013},
}
		  
@Article{Bhattacharya:1989:ASD,
  author =       "R. N. Bhattacharya and V. K. Gupta and H. F. Walker",
  title =        "Asymptotics of Solute Dispersion in Periodic Porous
                 Media",
  journal =      j-SIAM-J-APPL-MATH,
  volume =       "49",
  number =       "1",
  pages =        "86--98",
  month =        feb,
  year =         "1989",
  CODEN =        "SMJMAP",
  ISSN =         "0036-1399 (print), 1095-712X (electronic)",
  ISSN-L =       "0036-1399",
  MRclass =      "35K99 (35R60 60F05 60J70)",
  MRnumber =     "90f:35113",
  MRreviewer =   "G. A. Sokhadze",
  bibdate =      "Thu Oct 15 18:16:06 MDT 1998",
  bibsource =    "http://www.math.utah.edu/pub/tex/bib/siamjapplmath.bib;
                 JSTOR database",
  acknowledgement = ack-nhfb,
  fjournal =     "SIAM Journal on Applied Mathematics",
  journal-URL =  "http://epubs.siam.org/siap",
}
		  
@article{Whitaker:AIC690130308,
author = {Whitaker, S.},
title = {Diffusion and dispersion in porous media},
journal = {AIChE Journal},
volume = {13},
number = {3},
publisher = {American Institute of Chemical Engineers},
issn = {1547-5905},
url = {http://dx.doi.org/10.1002/aic.690130308},
doi = {10.1002/aic.690130308},
pages = {420--427},
year = {1967},
}
	  
@article {Gupta:WRCR3940,
author = {Gupta, V. K. and Bhattacharya, R. N.},
title = {Solute Dispersion in Multidimensional Periodic Saturated Porous Media},
journal = {Water Resources Research},
volume = {22},
number = {2},
issn = {1944-7973},
url = {http://dx.doi.org/10.1029/WR022i002p00156},
doi = {10.1029/WR022i002p00156},
pages = {156--164},
year = {1986},
}
		  
		  
@article{Koch:1988:965,
   author = "Koch, D. L. and Brady, J. F.",
   title = "Anomalous diffusion in heterogeneous porous media",
   journal = "Phys. of Fluids",
   year = "1988",
   volume = "31",
   number = "5",    
   pages = "965--973",
   url = "http://scitation.aip.org/content/aip/journal/pof1/31/5/10.1063/1.866716",
   doi = "http://dx.doi.org/10.1063/1.866716" 
}

		  
@article{Lester:PRL:111.174101,
  title = {Is Chaotic Advection Inherent to Porous Media Flow?},
  author = {Lester, D. R. and Metcalfe, G. and Trefry, M. G.},
  journal = {Phys. Rev. Lett.},
  volume = {111},
  issue = {17},
  pages = {174101 (5pp.)},
  numpages = {5},
  year = {2013},
  month = {Oct},
  publisher = {American Physical Society},
  doi = {10.1103/PhysRevLett.111.174101},
  url = {http://link.aps.org/doi/10.1103/PhysRevLett.111.174101}
}

@article{Koch:JFM:7961001,
    author = {Koch, D. L. and Cox, R. G. and Brenner, H. and Brady, J. F.}, 
    doi = {10.1017/s0022112089000613},
    journal = {J. Fluid Mech.},        
    pages = {173--188},   
    title = {{The effect of order on dispersion in porous media}},
    url = {http://dx.doi.org/10.1017/s0022112089000613},
    volume = {200},
    year = {1989}
}
		  
@article{Majda:1993:89:245,
    author = {A. J. Majda and R. M. McLaughlin},     
    journal = {Stud. Appl. Math.},        
    pages = {245--279},   
    title = {The effect of mean flows on enhanced diffusivity in transport by incompressible periodic velocity fields},
    volume = {89},
    year = {1993}
}		  

		  
@article{Mauri:1991:3:743,
   author = "Mauri, Roberto",
   title = "Dispersion, convection, and reaction in porous media",
   journal = "Phys. Fluids A: Fluid Dynamics",
   year = "1991",
   volume = "3",
   number = "5",    
   pages = "743--756",
   url = "http://scitation.aip.org/content/aip/journal/pofa/3/5/10.1063/1.858007",
   doi = "http://dx.doi.org/10.1063/1.858007" 
}
		  
		  
		  
@article {Holton:JGRC2495,
author = {Holton, J. R.},
title = {An advective model for two-dimensional transport of stratospheric trace species},
journal = {J. Geophys. Res.-Oceans},
volume = {86},
number = {C12},
issn = {2156-2202},
url = {http://dx.doi.org/10.1029/JC086iC12p11989},
doi = {10.1029/JC086iC12p11989},
pages = {11989--11994},
year = {1981},
}		
		  
@article{Pitari:JGR:1986,
  author =      {Pitari, G. and Visconti, G.},
  title =       {Two-dimensional tracer transport: derivation of residual mean circulation and eddy transport tensor from a three-dimensional model data set},
  journal =     {J. Geophys. Res.},
  year =        {1986},
  volume =      {90},
  pages =       {8019--8032},
}
		  
@article{Plumb:JAS:1979,
  author =      {R. A. Plumb},
  title =       {Eddy Fluxes of Conserved Quantities by Small-Amplitude Waves},
  journal =     {J. Atmos. Sci.},
  year =        {1979},
  volume =      {36},
  issue =      {9},
  pages =       {1699–-1704},  
}		  
		  
		  
@article{Plumb:JAS:1987,
  author =      {Plumb, R. A. and Mahlman, J. D.},
  title =       {The zonally averaged transport characteristics of the {GFDL} general circulation/transport model},
  journal =     {J. Atmos. Sci.},
  year =        1987,
  volume =      {44},
  pages =       {298--327},
  annote =      {}
}		  
		  
		  
@article{Gent:JPO:1995,
  author =      {Gent, P. R. and Willebrand, J. and McDougall,
  T. J. and McWilliams, J. C.}, 
  title =       {Parameterizing eddy-induced tracer transports in ocean circulation models},
  journal =     {J. Phys. Oceanog.},
  year =        {1995},
  volume =      {25},
  pages =       {463--474},  
}		  
		  
		  
@book{McDougall:2001:book,
  title={Representing the Effects of Mesoscale Eddies in Coarse-Resolution Ocean Models},
  author={McDougall, T.J. and CSIRO MARINE RESEARCH HOBART (Tas.)},
  url={http://books.google.com/books?id=39ySGwAACAAJ},
  year={2001},
  publisher={Defense Technical Information Center}
}		  
		  
@article {Lu:JGR:D50094,
author = {Lu, C. and Liu, Y. and Niu, S. and Krueger, S. and Wagner, T.},
title = {Exploring parameterization for turbulent entrainment-mixing processes in clouds},
journal = {J. Geophys. Res.-Atmospheres},
volume = {118},
number = {1},
issn = {2169-8996},
url = {http://dx.doi.org/10.1029/2012JD018464},
doi = {10.1029/2012JD018464},
pages = {185--194},
keywords = {entrainment-mixing process, homogeneous mixing degree, transition scale number, model, observations},
year = {2013},
}		  
		  
		  
		  
@Article{Sorensen:TC:2014,
AUTHOR = {S{\o}rensen, L. L. and Jensen, B. and Glud, R. N. and McGinnis, D. F. and Sejr, M. K. and Sievers, J. and S{\o}gaard, D. H. and Tison, J.-L. and Rysgaard, S.},
TITLE = {Parameterization of atmosphere–surface exchange of CO$_{2}$ over sea ice},
JOURNAL = {The Cryosphere},
VOLUME = {8},
YEAR = {2014},
NUMBER = {3},
PAGES = {853--866},
URL = {http://www.the-cryosphere.net/8/853/2014/},
DOI = {10.5194/tc-8-853-2014}
}		  
		  
		  
@article{Bretherton:JOC:5655449,
    author = {Bretherton, C. S. and Park, S.},
    doi = {10.1175/2008jcli2556.1},
    journal = {Journal of Climate},
    number = {12},
    pages = {3422--3448},    
    title = {A New Moist Turbulence Parameterization in the Community Atmosphere Model},
    url = {http://dx.doi.org/10.1175/2008jcli2556.1},
    volume = {22},
    year = {2009},
}
		  
		  
@article {Fairall:1996:JGRC6562,
author = {Fairall, C. W. and Bradley, E. F. and Rogers, D. P. and Edson, J. B. and Young, G. S.},
title = {Bulk parameterization of air-sea fluxes for {Tropical Ocean-Global Atmosphere Coupled-Ocean Atmosphere Response Experiment}},
journal = {J. Geophys. Res.-Oceans},
volume = {101},
number = {C2},
issn = {2156-2202},
url = {http://dx.doi.org/10.1029/95JC03205},
doi = {10.1029/95JC03205},
pages = {3747--3764},
year = {1996},
}		  

		  
		  
@article {Andreas:2010:QJ618,
author = {Andreas, E. L. and Horst, T. W. and Grachev, A. A. and
Persson, P. O. G. and Fairall, C. W. and Guest, P. S. and Jordan, R. E.}, 
title = {Parametrizing turbulent exchange over summer sea ice and the marginal ice zone},
journal = {Q. J. R. Meteorol. Soc.},
volume = {136},
number = {649},
publisher = {John Wiley \&  Sons, Ltd.},
issn = {1477-870X},
url = {http://dx.doi.org/10.1002/qj.618},
doi = {10.1002/qj.618},
pages = {927--943},
year = {2010},
}		  
		  
@article {Andreas:JH:2010,
author = {Andreas, E. L. and Persson, P. O. G. and Grachev, A. A. and
Jordan, R. E. and Horst, T. W. and Guest, P. S. and Fairall, C. W.},
title = {Parameterizing Turbulent Exchange over Sea Ice in Winter},
journal = {J. Hydrometeor},
volume = {11},
number = {1},
doi = {10.1175/2009JHM1102.1},
pages = {87–104},
year = {2010},
}			  
		  
@article{Bowden:JFM:1965,
  author =      {K. F. Bowden},
  title =       {Horizontal mixing in the sea due to a shearing current},
  journal =     j-fluid-mech,
  year =        {1965},
  volume =      {21},
  issue =       {1},		  
  pages =       {83- 95},  
}
		  
@article {Kullenberg:1972:TUS1529,
author = {Kullenberg, G.},
title = {Apparent horizontal diffusion in stratified vertical shear flow},
journal = {Tellus},
volume = {24},
number = {1},
publisher = {Blackwell Publishing Ltd},
issn = {2153-3490},
url = {http://dx.doi.org/10.1111/j.2153-3490.1972.tb01529.x},
doi = {10.1111/j.2153-3490.1972.tb01529.x},
pages = {17--28},
year = {1972},
}		  
		  
@article{Middleton:JPO:5840223,    
    author = {Middleton, J. F. and Loder, J. W.},    
    doi = {10.1175/1520-0485(1989)019%3C0068:sfipwf%3E2.0.co;2},
    journal = {J. Phys. Oceanogr.},    
    number = {1},
    pages = {68--76},    
    title = {Skew Fluxes in Polarized Wave Fields},    
    volume = {19},
    year = {1989},
}
		  
		  
@article{Young:JPO:1982:515,
  author =      {Young, W. R. and Rhines, P. B. and Garrett, C. J. R.},
  title =       {Shear-flow dispersion, internal waves and horizontal mixing in the {Ocean}},
  journal =     {J. Phys. Oceanogr.},
  year =        {1982},
  volume =      {12},
  pages =       {515--527}, 
}
		  
		  
@article{Redi:JPO:1982:1154,
  author =      {M. H. Redi},
  title =       {Oceanic Isopycnal Mixing by Coordinate Rotation},
  journal =     {J. Phys. Oceanogr.},
  year =        {1982},
  volume =      {12},
  issue =       {10},		  
  pages =       {1154–-1158}, 
}
		  
@article{Solomon:OGR:1971:233,
  author =      {H. Solomon},
  title =       {On the Representation of Isentropic Mixing in Ocean Circulation Models},
  journal =     {J. Phys. Oceanogr.},
  year =        {1971},
  volume =      {1},
  issue =       {3},		  
  pages =       {233–-234}, 
}		  
		  
@article{Eckart:JMR:1948,
  author =      {Eckart, C.},
  title =       {An analysis of stirring and mixing processes in incompressible fluids},
  journal =     {J. Mar. Res.},
  year =        {1948},
  volume =      {7},
  pages =       {265--275},
  annote =      {phh (14/09/:0):}
}
		  